underlying,ts,bid,ask,spot,runbet_spot
frxAUDJPY,2014-04-29 00:00:00,94.854,94.871,94.863,94.863
frxAUDJPY,2014-04-29 00:00:01,94.855,94.872,94.863,94.863
frxAUDJPY,2014-04-29 00:00:02,94.853,94.871,94.862,94.862
frxAUDJPY,2014-04-29 00:00:03,94.857,94.868,94.862,94.862
frxAUDJPY,2014-04-29 00:00:04,94.853,94.871,94.862,94.862
frxAUDJPY,2014-04-29 00:00:06,94.853,94.873,94.862,94.862
frxAUDJPY,2014-04-29 00:00:07,94.857,94.869,94.863,94.863
frxAUDJPY,2014-04-29 00:00:08,94.856,94.873,94.863,94.863
frxAUDJPY,2014-04-29 00:00:09,94.856,94.872,94.863,94.863
frxAUDJPY,2014-04-29 00:00:10,94.854,94.872,94.863,94.863
frxAUDJPY,2014-04-29 00:00:11,94.854,94.871,94.862,94.862
frxAUDJPY,2014-04-29 00:00:12,94.856,94.873,94.863,94.863
frxAUDJPY,2014-04-29 00:00:13,94.854,94.872,94.863,94.863
frxAUDJPY,2014-04-29 00:00:14,94.859,94.875,94.866,94.866
frxAUDJPY,2014-04-29 00:00:15,94.856,94.871,94.863,94.863
frxAUDJPY,2014-04-29 00:00:16,94.854,94.873,94.863,94.863
frxAUDJPY,2014-04-29 00:00:18,94.846,94.882,94.863,94.863
frxAUDJPY,2014-04-29 00:00:19,94.847,94.864,94.856,94.856
frxAUDJPY,2014-04-29 00:00:20,94.848,94.867,94.857,94.857
frxAUDJPY,2014-04-29 00:00:21,94.841,94.87,94.856,94.856
frxAUDJPY,2014-04-29 00:00:22,94.853,94.862,94.857,94.857
frxAUDJPY,2014-04-29 00:00:23,94.85,94.868,94.858,94.858
frxAUDJPY,2014-04-29 00:00:24,94.854,94.868,94.863,94.863
frxAUDJPY,2014-04-29 00:00:26,94.855,94.871,94.862,94.862
frxAUDJPY,2014-04-29 00:00:27,94.85,94.872,94.862,94.862
frxAUDJPY,2014-04-29 00:00:28,94.85,94.871,94.861,94.861
frxAUDJPY,2014-04-29 00:00:29,94.855,94.868,94.862,94.862
frxAUDJPY,2014-04-29 00:00:30,94.861,94.866,94.862,94.862
frxAUDJPY,2014-04-29 00:00:31,94.853,94.869,94.861,94.861
frxAUDJPY,2014-04-29 00:00:32,94.859,94.871,94.865,94.865
frxAUDJPY,2014-04-29 00:00:33,94.857,94.87,94.863,94.863
frxAUDJPY,2014-04-29 00:00:34,94.855,94.871,94.863,94.863
frxAUDJPY,2014-04-29 00:00:35,94.854,94.867,94.861,94.861
frxAUDJPY,2014-04-29 00:00:36,94.858,94.867,94.862,94.862
frxAUDJPY,2014-04-29 00:00:37,94.855,94.873,94.864,94.864
frxAUDJPY,2014-04-29 00:00:38,94.865,94.881,94.871,94.871
frxAUDJPY,2014-04-29 00:00:39,94.873,94.879,94.876,94.876
frxAUDJPY,2014-04-29 00:00:40,94.872,94.886,94.879,94.879
frxAUDJPY,2014-04-29 00:00:41,94.871,94.88,94.875,94.875
frxAUDJPY,2014-04-29 00:00:42,94.861,94.891,94.876,94.876
frxAUDJPY,2014-04-29 00:00:43,94.864,94.883,94.874,94.874
frxAUDJPY,2014-04-29 00:00:44,94.863,94.89,94.876,94.876
frxAUDJPY,2014-04-29 00:00:45,94.867,94.883,94.874,94.874
frxAUDJPY,2014-04-29 00:00:46,94.866,94.881,94.873,94.873
frxAUDJPY,2014-04-29 00:00:48,94.863,94.892,94.877,94.877
frxAUDJPY,2014-04-29 00:00:49,94.868,94.884,94.876,94.876
frxAUDJPY,2014-04-29 00:00:50,94.868,94.881,94.875,94.875
frxAUDJPY,2014-04-29 00:00:52,94.866,94.882,94.874,94.874
frxAUDJPY,2014-04-29 00:00:53,94.869,94.882,94.875,94.875
frxAUDJPY,2014-04-29 00:00:54,94.867,94.882,94.874,94.874
frxAUDJPY,2014-04-29 00:00:55,94.864,94.883,94.874,94.874
frxAUDJPY,2014-04-29 00:00:56,94.861,94.89,94.875,94.875
frxAUDJPY,2014-04-29 00:00:57,94.866,94.882,94.873,94.873
frxAUDJPY,2014-04-29 00:00:58,94.861,94.889,94.874,94.874
frxAUDJPY,2014-04-29 00:00:59,94.864,94.876,94.869,94.869
frxAUDJPY,2014-04-29 00:01:00,94.857,94.874,94.866,94.866
frxAUDJPY,2014-04-29 00:01:01,94.854,94.868,94.862,94.862
frxAUDJPY,2014-04-29 00:01:02,94.863,94.869,94.865,94.865
frxAUDJPY,2014-04-29 00:01:03,94.852,94.873,94.862,94.862
frxAUDJPY,2014-04-29 00:01:04,94.856,94.868,94.862,94.862
frxAUDJPY,2014-04-29 00:01:05,94.859,94.874,94.865,94.865
frxAUDJPY,2014-04-29 00:01:06,94.854,94.864,94.86,94.86
frxAUDJPY,2014-04-29 00:01:07,94.856,94.873,94.864,94.864
frxAUDJPY,2014-04-29 00:01:09,94.853,94.863,94.862,94.862
frxAUDJPY,2014-04-29 00:01:10,94.851,94.868,94.86,94.86
frxAUDJPY,2014-04-29 00:01:11,94.856,94.867,94.862,94.862
frxAUDJPY,2014-04-29 00:01:12,94.857,94.866,94.862,94.862
frxAUDJPY,2014-04-29 00:01:13,94.853,94.881,94.866,94.866
frxAUDJPY,2014-04-29 00:01:14,94.861,94.877,94.867,94.867
frxAUDJPY,2014-04-29 00:01:15,94.855,94.874,94.865,94.865
frxAUDJPY,2014-04-29 00:01:16,94.861,94.87,94.865,94.865
frxAUDJPY,2014-04-29 00:01:17,94.859,94.869,94.865,94.865
frxAUDJPY,2014-04-29 00:01:18,94.86,94.876,94.866,94.866
frxAUDJPY,2014-04-29 00:01:19,94.857,94.869,94.864,94.864
frxAUDJPY,2014-04-29 00:01:20,94.859,94.869,94.864,94.864
frxAUDJPY,2014-04-29 00:01:21,94.856,94.874,94.865,94.865
frxAUDJPY,2014-04-29 00:01:22,94.842,94.892,94.867,94.867
frxAUDJPY,2014-04-29 00:01:23,94.859,94.872,94.866,94.866
frxAUDJPY,2014-04-29 00:01:24,94.86,94.87,94.866,94.866
frxAUDJPY,2014-04-29 00:01:25,94.852,94.881,94.865,94.865
frxAUDJPY,2014-04-29 00:01:26,94.852,94.88,94.865,94.865
frxAUDJPY,2014-04-29 00:01:27,94.858,94.872,94.865,94.865
frxAUDJPY,2014-04-29 00:01:28,94.86,94.867,94.864,94.864
frxAUDJPY,2014-04-29 00:01:29,94.858,94.867,94.863,94.863
frxAUDJPY,2014-04-29 00:01:32,94.852,94.877,94.863,94.863
frxAUDJPY,2014-04-29 00:01:33,94.852,94.879,94.865,94.865
frxAUDJPY,2014-04-29 00:01:34,94.858,94.866,94.863,94.863
frxAUDJPY,2014-04-29 00:01:37,94.852,94.878,94.867,94.867
frxAUDJPY,2014-04-29 00:01:39,94.858,94.869,94.864,94.864
frxAUDJPY,2014-04-29 00:01:41,94.859,94.87,94.864,94.864
frxAUDJPY,2014-04-29 00:01:42,94.858,94.868,94.863,94.863
frxAUDJPY,2014-04-29 00:01:43,94.858,94.868,94.863,94.863
frxAUDJPY,2014-04-29 00:01:44,94.858,94.87,94.863,94.863
frxAUDJPY,2014-04-29 00:01:45,94.848,94.878,94.862,94.862
frxAUDJPY,2014-04-29 00:01:47,94.852,94.88,94.864,94.864
frxAUDJPY,2014-04-29 00:01:48,94.858,94.868,94.863,94.863
frxAUDJPY,2014-04-29 00:01:50,94.849,94.88,94.864,94.864
frxAUDJPY,2014-04-29 00:01:51,94.863,94.869,94.865,94.865
frxAUDJPY,2014-04-29 00:01:52,94.863,94.87,94.865,94.865
frxAUDJPY,2014-04-29 00:01:55,94.847,94.877,94.862,94.862
frxAUDJPY,2014-04-29 00:01:58,94.85,94.879,94.864,94.864
frxAUDJPY,2014-04-29 00:01:59,94.863,94.866,94.865,94.865
frxAUDJPY,2014-04-29 00:02:00,94.82,94.92,94.862,94.862
frxAUDJPY,2014-04-29 00:02:01,94.846,94.854,94.85,94.85
frxAUDJPY,2014-04-29 00:02:02,94.839,94.851,94.848,94.848
frxAUDJPY,2014-04-29 00:02:03,94.842,94.851,94.848,94.848
frxAUDJPY,2014-04-29 00:02:05,94.83,94.86,94.852,94.852
frxAUDJPY,2014-04-29 00:02:06,94.841,94.855,94.849,94.849
frxAUDJPY,2014-04-29 00:02:07,94.84,94.853,94.847,94.847
frxAUDJPY,2014-04-29 00:02:09,94.843,94.859,94.851,94.851
frxAUDJPY,2014-04-29 00:02:10,94.841,94.853,94.848,94.848
frxAUDJPY,2014-04-29 00:02:12,94.842,94.856,94.848,94.848
frxAUDJPY,2014-04-29 00:02:13,94.846,94.852,94.847,94.847
frxAUDJPY,2014-04-29 00:02:14,94.845,94.852,94.846,94.846
frxAUDJPY,2014-04-29 00:02:15,94.842,94.858,94.847,94.847
frxAUDJPY,2014-04-29 00:02:16,94.84,94.855,94.846,94.846
frxAUDJPY,2014-04-29 00:02:17,94.836,94.847,94.844,94.844
frxAUDJPY,2014-04-29 00:02:18,94.84,94.846,94.844,94.844
frxAUDJPY,2014-04-29 00:02:19,94.838,94.846,94.843,94.843
frxAUDJPY,2014-04-29 00:02:20,94.8,94.9,94.847,94.847
frxAUDJPY,2014-04-29 00:02:21,94.76,94.86,94.821,94.821
frxAUDJPY,2014-04-29 00:02:22,94.834,94.847,94.834,94.834
frxAUDJPY,2014-04-29 00:02:23,94.834,94.845,94.838,94.838
frxAUDJPY,2014-04-29 00:02:24,94.824,94.84,94.831,94.831
frxAUDJPY,2014-04-29 00:02:25,94.822,94.832,94.829,94.829
frxAUDJPY,2014-04-29 00:02:26,94.816,94.829,94.825,94.825
frxAUDJPY,2014-04-29 00:02:27,94.813,94.824,94.82,94.82
frxAUDJPY,2014-04-29 00:02:28,94.814,94.826,94.82,94.82
frxAUDJPY,2014-04-29 00:02:29,94.811,94.82,94.815,94.815
frxAUDJPY,2014-04-29 00:02:30,94.813,94.821,94.816,94.816
frxAUDJPY,2014-04-29 00:02:31,94.802,94.831,94.816,94.816
frxAUDJPY,2014-04-29 00:02:32,94.811,94.821,94.818,94.818
frxAUDJPY,2014-04-29 00:02:33,94.809,94.819,94.816,94.816
frxAUDJPY,2014-04-29 00:02:34,94.814,94.821,94.819,94.819
frxAUDJPY,2014-04-29 00:02:35,94.797,94.806,94.803,94.803
frxAUDJPY,2014-04-29 00:02:36,94.776,94.806,94.793,94.793
frxAUDJPY,2014-04-29 00:02:37,94.793,94.802,94.796,94.796
frxAUDJPY,2014-04-29 00:02:38,94.8,94.804,94.8,94.8
frxAUDJPY,2014-04-29 00:02:39,94.796,94.808,94.802,94.802
frxAUDJPY,2014-04-29 00:02:40,94.792,94.808,94.8,94.8
frxAUDJPY,2014-04-29 00:02:41,94.78,94.81,94.797,94.797
frxAUDJPY,2014-04-29 00:02:42,94.8,94.805,94.801,94.801
frxAUDJPY,2014-04-29 00:02:43,94.799,94.805,94.801,94.801
frxAUDJPY,2014-04-29 00:02:44,94.801,94.808,94.808,94.808
frxAUDJPY,2014-04-29 00:02:45,94.788,94.805,94.797,94.797
frxAUDJPY,2014-04-29 00:02:46,94.789,94.807,94.796,94.796
frxAUDJPY,2014-04-29 00:02:47,94.787,94.804,94.795,94.795
frxAUDJPY,2014-04-29 00:02:48,94.789,94.798,94.794,94.794
frxAUDJPY,2014-04-29 00:02:49,94.781,94.81,94.795,94.795
frxAUDJPY,2014-04-29 00:02:50,94.75,94.85,94.796,94.796
frxAUDJPY,2014-04-29 00:02:51,94.781,94.795,94.786,94.786
frxAUDJPY,2014-04-29 00:02:52,94.771,94.781,94.778,94.778
frxAUDJPY,2014-04-29 00:02:53,94.775,94.792,94.781,94.781
frxAUDJPY,2014-04-29 00:02:54,94.777,94.786,94.781,94.781
frxAUDJPY,2014-04-29 00:02:55,94.774,94.789,94.781,94.781
frxAUDJPY,2014-04-29 00:02:56,94.764,94.793,94.778,94.778
frxAUDJPY,2014-04-29 00:02:57,94.769,94.786,94.778,94.778
frxAUDJPY,2014-04-29 00:02:58,94.76,94.781,94.771,94.771
frxAUDJPY,2014-04-29 00:02:59,94.757,94.784,94.769,94.769
frxAUDJPY,2014-04-29 00:03:00,94.759,94.786,94.773,94.773
frxAUDJPY,2014-04-29 00:03:01,94.761,94.789,94.775,94.775
frxAUDJPY,2014-04-29 00:03:02,94.765,94.782,94.773,94.773
frxAUDJPY,2014-04-29 00:03:03,94.767,94.783,94.775,94.775
frxAUDJPY,2014-04-29 00:03:04,94.769,94.787,94.777,94.777
frxAUDJPY,2014-04-29 00:03:05,94.771,94.78,94.775,94.775
frxAUDJPY,2014-04-29 00:03:06,94.756,94.773,94.764,94.764
frxAUDJPY,2014-04-29 00:03:07,94.759,94.779,94.767,94.767
frxAUDJPY,2014-04-29 00:03:08,94.761,94.778,94.769,94.769
frxAUDJPY,2014-04-29 00:03:09,94.769,94.778,94.772,94.772
frxAUDJPY,2014-04-29 00:03:10,94.756,94.783,94.769,94.769
frxAUDJPY,2014-04-29 00:03:11,94.766,94.776,94.77,94.77
frxAUDJPY,2014-04-29 00:03:12,94.76,94.775,94.768,94.768
frxAUDJPY,2014-04-29 00:03:13,94.758,94.774,94.766,94.766
frxAUDJPY,2014-04-29 00:03:14,94.76,94.774,94.766,94.766
frxAUDJPY,2014-04-29 00:03:15,94.751,94.77,94.761,94.761
frxAUDJPY,2014-04-29 00:03:16,94.755,94.783,94.768,94.768
frxAUDJPY,2014-04-29 00:03:17,94.76,94.777,94.767,94.767
frxAUDJPY,2014-04-29 00:03:18,94.755,94.772,94.763,94.763
frxAUDJPY,2014-04-29 00:03:19,94.753,94.772,94.762,94.762
frxAUDJPY,2014-04-29 00:03:20,94.72,94.82,94.769,94.769
frxAUDJPY,2014-04-29 00:03:21,94.71,94.81,94.759,94.759
frxAUDJPY,2014-04-29 00:03:22,94.747,94.761,94.754,94.754
frxAUDJPY,2014-04-29 00:03:23,94.754,94.763,94.757,94.757
frxAUDJPY,2014-04-29 00:03:24,94.76,94.767,94.76,94.76
frxAUDJPY,2014-04-29 00:03:25,94.76,94.765,94.76,94.76
frxAUDJPY,2014-04-29 00:03:26,94.743,94.751,94.747,94.747
frxAUDJPY,2014-04-29 00:03:27,94.733,94.752,94.742,94.742
frxAUDJPY,2014-04-29 00:03:28,94.746,94.754,94.749,94.749
frxAUDJPY,2014-04-29 00:03:29,94.723,94.737,94.73,94.73
frxAUDJPY,2014-04-29 00:03:30,94.733,94.748,94.74,94.74
frxAUDJPY,2014-04-29 00:03:31,94.74,94.754,94.744,94.744
frxAUDJPY,2014-04-29 00:03:32,94.71,94.81,94.75,94.75
frxAUDJPY,2014-04-29 00:03:33,94.707,94.76,94.734,94.734
frxAUDJPY,2014-04-29 00:03:34,94.7,94.8,94.742,94.742
frxAUDJPY,2014-04-29 00:03:35,94.66,94.76,94.715,94.715
frxAUDJPY,2014-04-29 00:03:36,94.67,94.77,94.722,94.722
frxAUDJPY,2014-04-29 00:03:37,94.715,94.727,94.723,94.723
frxAUDJPY,2014-04-29 00:03:38,94.716,94.734,94.724,94.724
frxAUDJPY,2014-04-29 00:03:39,94.715,94.728,94.721,94.721
frxAUDJPY,2014-04-29 00:03:40,94.714,94.726,94.722,94.722
frxAUDJPY,2014-04-29 00:03:41,94.711,94.726,94.719,94.719
frxAUDJPY,2014-04-29 00:03:42,94.712,94.724,94.716,94.716
frxAUDJPY,2014-04-29 00:03:43,94.696,94.746,94.72,94.72
frxAUDJPY,2014-04-29 00:03:44,94.714,94.733,94.723,94.723
frxAUDJPY,2014-04-29 00:03:45,94.716,94.735,94.726,94.726
frxAUDJPY,2014-04-29 00:03:46,94.724,94.733,94.727,94.727
frxAUDJPY,2014-04-29 00:03:47,94.717,94.734,94.725,94.725
frxAUDJPY,2014-04-29 00:03:48,94.722,94.729,94.725,94.725
frxAUDJPY,2014-04-29 00:03:49,94.716,94.734,94.724,94.724
frxAUDJPY,2014-04-29 00:03:50,94.716,94.734,94.725,94.725
frxAUDJPY,2014-04-29 00:03:51,94.715,94.733,94.724,94.724
frxAUDJPY,2014-04-29 00:03:52,94.72,94.729,94.724,94.724
frxAUDJPY,2014-04-29 00:03:53,94.7,94.75,94.724,94.724
frxAUDJPY,2014-04-29 00:03:54,94.715,94.733,94.724,94.724
frxAUDJPY,2014-04-29 00:03:55,94.718,94.728,94.722,94.722
frxAUDJPY,2014-04-29 00:03:56,94.72,94.728,94.723,94.723
frxAUDJPY,2014-04-29 00:03:57,94.713,94.728,94.721,94.721
frxAUDJPY,2014-04-29 00:03:58,94.716,94.731,94.722,94.722
frxAUDJPY,2014-04-29 00:03:59,94.717,94.732,94.724,94.724
frxAUDJPY,2014-04-29 00:04:00,94.71,94.733,94.722,94.722
frxAUDJPY,2014-04-29 00:04:01,94.718,94.727,94.722,94.722
frxAUDJPY,2014-04-29 00:04:02,94.715,94.731,94.722,94.722
frxAUDJPY,2014-04-29 00:04:03,94.7,94.8,94.739,94.739
frxAUDJPY,2014-04-29 00:04:04,94.719,94.726,94.722,94.722
frxAUDJPY,2014-04-29 00:04:05,94.718,94.727,94.722,94.722
frxAUDJPY,2014-04-29 00:04:06,94.714,94.73,94.722,94.722
frxAUDJPY,2014-04-29 00:04:07,94.72,94.727,94.723,94.723
frxAUDJPY,2014-04-29 00:04:08,94.719,94.728,94.723,94.723
frxAUDJPY,2014-04-29 00:04:09,94.713,94.729,94.721,94.721
frxAUDJPY,2014-04-29 00:04:10,94.709,94.737,94.722,94.722
frxAUDJPY,2014-04-29 00:04:12,94.709,94.738,94.723,94.723
frxAUDJPY,2014-04-29 00:04:13,94.715,94.732,94.722,94.722
frxAUDJPY,2014-04-29 00:04:14,94.714,94.732,94.723,94.723
frxAUDJPY,2014-04-29 00:04:15,94.727,94.743,94.733,94.733
frxAUDJPY,2014-04-29 00:04:16,94.727,94.742,94.734,94.734
frxAUDJPY,2014-04-29 00:04:17,94.724,94.743,94.734,94.734
frxAUDJPY,2014-04-29 00:04:18,94.72,94.749,94.735,94.735
frxAUDJPY,2014-04-29 00:04:19,94.725,94.741,94.733,94.733
frxAUDJPY,2014-04-29 00:04:20,94.731,94.742,94.736,94.736
frxAUDJPY,2014-04-29 00:04:21,94.731,94.738,94.735,94.735
frxAUDJPY,2014-04-29 00:04:22,94.731,94.739,94.734,94.734
frxAUDJPY,2014-04-29 00:04:23,94.731,94.741,94.735,94.735
frxAUDJPY,2014-04-29 00:04:24,94.726,94.741,94.734,94.734
frxAUDJPY,2014-04-29 00:04:26,94.727,94.743,94.734,94.734
frxAUDJPY,2014-04-29 00:04:27,94.73,94.743,94.736,94.736
frxAUDJPY,2014-04-29 00:04:28,94.727,94.743,94.736,94.736
frxAUDJPY,2014-04-29 00:04:29,94.724,94.753,94.737,94.737
frxAUDJPY,2014-04-29 00:04:30,94.733,94.741,94.737,94.737
frxAUDJPY,2014-04-29 00:04:31,94.724,94.753,94.738,94.738
frxAUDJPY,2014-04-29 00:04:32,94.734,94.743,94.737,94.737
frxAUDJPY,2014-04-29 00:04:33,94.737,94.747,94.741,94.741
frxAUDJPY,2014-04-29 00:04:34,94.736,94.744,94.739,94.739
frxAUDJPY,2014-04-29 00:04:35,94.741,94.752,94.746,94.746
frxAUDJPY,2014-04-29 00:04:36,94.743,94.755,94.748,94.748
frxAUDJPY,2014-04-29 00:04:37,94.749,94.758,94.753,94.753
frxAUDJPY,2014-04-29 00:04:38,94.745,94.764,94.754,94.754
frxAUDJPY,2014-04-29 00:04:39,94.745,94.759,94.752,94.752
frxAUDJPY,2014-04-29 00:04:40,94.72,94.82,94.762,94.762
frxAUDJPY,2014-04-29 00:04:41,94.737,94.766,94.751,94.751
frxAUDJPY,2014-04-29 00:04:42,94.733,94.752,94.742,94.742
frxAUDJPY,2014-04-29 00:04:43,94.67,94.77,94.731,94.731
frxAUDJPY,2014-04-29 00:04:44,94.74,94.756,94.748,94.748
frxAUDJPY,2014-04-29 00:04:45,94.736,94.763,94.747,94.747
frxAUDJPY,2014-04-29 00:04:46,94.746,94.755,94.743,94.743
frxAUDJPY,2014-04-29 00:04:47,94.747,94.754,94.75,94.75
frxAUDJPY,2014-04-29 00:04:48,94.744,94.753,94.747,94.747
frxAUDJPY,2014-04-29 00:04:49,94.745,94.751,94.748,94.748
frxAUDJPY,2014-04-29 00:04:50,94.737,94.755,94.746,94.746
frxAUDJPY,2014-04-29 00:04:51,94.737,94.752,94.744,94.744
frxAUDJPY,2014-04-29 00:04:52,94.742,94.748,94.744,94.744
frxAUDJPY,2014-04-29 00:04:53,94.737,94.753,94.744,94.744
frxAUDJPY,2014-04-29 00:04:54,94.738,94.755,94.746,94.746
frxAUDJPY,2014-04-29 00:04:55,94.737,94.755,94.746,94.746
frxAUDJPY,2014-04-29 00:04:56,94.738,94.756,94.746,94.746
frxAUDJPY,2014-04-29 00:04:57,94.738,94.755,94.746,94.746
frxAUDJPY,2014-04-29 00:04:58,94.737,94.753,94.745,94.745
frxAUDJPY,2014-04-29 00:04:59,94.736,94.766,94.752,94.752
frxAUDJPY,2014-04-29 00:05:00,94.745,94.774,94.758,94.758
frxAUDJPY,2014-04-29 00:05:01,94.71,94.81,94.759,94.759
frxAUDJPY,2014-04-29 00:05:02,94.746,94.763,94.755,94.755
frxAUDJPY,2014-04-29 00:05:03,94.749,94.764,94.756,94.756
frxAUDJPY,2014-04-29 00:05:04,94.751,94.769,94.759,94.759
frxAUDJPY,2014-04-29 00:05:05,94.72,94.82,94.767,94.767
frxAUDJPY,2014-04-29 00:05:06,94.759,94.773,94.764,94.764
frxAUDJPY,2014-04-29 00:05:07,94.758,94.775,94.767,94.767
frxAUDJPY,2014-04-29 00:05:08,94.755,94.773,94.765,94.765
frxAUDJPY,2014-04-29 00:05:09,94.76,94.775,94.766,94.766
frxAUDJPY,2014-04-29 00:05:10,94.758,94.77,94.763,94.763
frxAUDJPY,2014-04-29 00:05:11,94.762,94.772,94.77,94.77
frxAUDJPY,2014-04-29 00:05:12,94.75,94.85,94.79,94.79
frxAUDJPY,2014-04-29 00:05:13,94.771,94.789,94.78,94.78
frxAUDJPY,2014-04-29 00:05:14,94.77,94.789,94.779,94.779
frxAUDJPY,2014-04-29 00:05:15,94.771,94.789,94.78,94.78
frxAUDJPY,2014-04-29 00:05:16,94.772,94.786,94.779,94.779
frxAUDJPY,2014-04-29 00:05:17,94.772,94.786,94.779,94.779
frxAUDJPY,2014-04-29 00:05:18,94.765,94.794,94.779,94.779
frxAUDJPY,2014-04-29 00:05:19,94.75,94.85,94.792,94.792
frxAUDJPY,2014-04-29 00:05:20,94.772,94.788,94.779,94.779
frxAUDJPY,2014-04-29 00:05:21,94.773,94.784,94.779,94.779
frxAUDJPY,2014-04-29 00:05:22,94.772,94.788,94.782,94.782
frxAUDJPY,2014-04-29 00:05:23,94.766,94.795,94.78,94.78
frxAUDJPY,2014-04-29 00:05:24,94.774,94.787,94.78,94.78
frxAUDJPY,2014-04-29 00:05:25,94.75,94.85,94.801,94.801
frxAUDJPY,2014-04-29 00:05:26,94.765,94.794,94.781,94.781
frxAUDJPY,2014-04-29 00:05:27,94.77,94.779,94.774,94.774
frxAUDJPY,2014-04-29 00:05:28,94.76,94.789,94.774,94.774
frxAUDJPY,2014-04-29 00:05:29,94.759,94.79,94.774,94.774
frxAUDJPY,2014-04-29 00:05:30,94.767,94.781,94.774,94.774
frxAUDJPY,2014-04-29 00:05:31,94.762,94.791,94.775,94.775
frxAUDJPY,2014-04-29 00:05:32,94.767,94.782,94.774,94.774
frxAUDJPY,2014-04-29 00:05:33,94.752,94.802,94.776,94.776
frxAUDJPY,2014-04-29 00:05:34,94.768,94.782,94.774,94.774
frxAUDJPY,2014-04-29 00:05:35,94.764,94.781,94.772,94.772
frxAUDJPY,2014-04-29 00:05:36,94.772,94.78,94.775,94.775
frxAUDJPY,2014-04-29 00:05:37,94.773,94.78,94.776,94.776
frxAUDJPY,2014-04-29 00:05:38,94.773,94.778,94.775,94.775
frxAUDJPY,2014-04-29 00:05:39,94.76,94.789,94.774,94.774
frxAUDJPY,2014-04-29 00:05:40,94.772,94.78,94.775,94.775
frxAUDJPY,2014-04-29 00:05:41,94.767,94.782,94.774,94.774
frxAUDJPY,2014-04-29 00:05:42,94.765,94.78,94.773,94.773
frxAUDJPY,2014-04-29 00:05:43,94.749,94.799,94.773,94.773
frxAUDJPY,2014-04-29 00:05:44,94.765,94.783,94.774,94.774
frxAUDJPY,2014-04-29 00:05:45,94.767,94.777,94.772,94.772
frxAUDJPY,2014-04-29 00:05:46,94.766,94.779,94.776,94.776
frxAUDJPY,2014-04-29 00:05:47,94.763,94.778,94.771,94.771
frxAUDJPY,2014-04-29 00:05:48,94.767,94.777,94.771,94.771
frxAUDJPY,2014-04-29 00:05:49,94.761,94.777,94.769,94.769
frxAUDJPY,2014-04-29 00:05:50,94.754,94.786,94.769,94.769
frxAUDJPY,2014-04-29 00:05:51,94.755,94.77,94.764,94.764
frxAUDJPY,2014-04-29 00:05:52,94.755,94.768,94.761,94.761
frxAUDJPY,2014-04-29 00:05:53,94.758,94.774,94.764,94.764
frxAUDJPY,2014-04-29 00:05:54,94.771,94.777,94.772,94.772
frxAUDJPY,2014-04-29 00:05:55,94.772,94.786,94.777,94.777
frxAUDJPY,2014-04-29 00:05:56,94.769,94.794,94.781,94.781
frxAUDJPY,2014-04-29 00:05:57,94.767,94.792,94.779,94.779
frxAUDJPY,2014-04-29 00:05:58,94.776,94.783,94.779,94.779
frxAUDJPY,2014-04-29 00:06:00,94.762,94.792,94.777,94.777
frxAUDJPY,2014-04-29 00:06:01,94.773,94.783,94.777,94.777
frxAUDJPY,2014-04-29 00:06:02,94.774,94.783,94.778,94.778
frxAUDJPY,2014-04-29 00:06:03,94.774,94.78,94.776,94.776
frxAUDJPY,2014-04-29 00:06:04,94.778,94.782,94.779,94.779
frxAUDJPY,2014-04-29 00:06:05,94.772,94.785,94.779,94.779
frxAUDJPY,2014-04-29 00:06:06,94.771,94.787,94.779,94.779
frxAUDJPY,2014-04-29 00:06:07,94.768,94.784,94.777,94.777
frxAUDJPY,2014-04-29 00:06:08,94.778,94.782,94.78,94.78
frxAUDJPY,2014-04-29 00:06:09,94.776,94.781,94.778,94.778
frxAUDJPY,2014-04-29 00:06:10,94.773,94.788,94.78,94.78
frxAUDJPY,2014-04-29 00:06:11,94.78,94.785,94.781,94.781
frxAUDJPY,2014-04-29 00:06:12,94.7,94.8,94.763,94.763
frxAUDJPY,2014-04-29 00:06:13,94.779,94.784,94.779,94.779
frxAUDJPY,2014-04-29 00:06:14,94.776,94.783,94.779,94.779
frxAUDJPY,2014-04-29 00:06:15,94.771,94.787,94.779,94.779
frxAUDJPY,2014-04-29 00:06:16,94.781,94.786,94.783,94.783
frxAUDJPY,2014-04-29 00:06:17,94.779,94.79,94.784,94.784
frxAUDJPY,2014-04-29 00:06:18,94.779,94.791,94.79,94.79
frxAUDJPY,2014-04-29 00:06:19,94.768,94.796,94.782,94.782
frxAUDJPY,2014-04-29 00:06:20,94.771,94.788,94.78,94.78
frxAUDJPY,2014-04-29 00:06:21,94.773,94.789,94.783,94.783
frxAUDJPY,2014-04-29 00:06:22,94.73,94.83,94.779,94.779
frxAUDJPY,2014-04-29 00:06:23,94.772,94.788,94.781,94.781
frxAUDJPY,2014-04-29 00:06:24,94.772,94.791,94.781,94.781
frxAUDJPY,2014-04-29 00:06:25,94.781,94.79,94.782,94.782
frxAUDJPY,2014-04-29 00:06:26,94.785,94.796,94.789,94.789
frxAUDJPY,2014-04-29 00:06:27,94.785,94.795,94.789,94.789
frxAUDJPY,2014-04-29 00:06:28,94.78,94.798,94.788,94.788
frxAUDJPY,2014-04-29 00:06:29,94.75,94.85,94.797,94.797
frxAUDJPY,2014-04-29 00:06:30,94.788,94.797,94.792,94.792
frxAUDJPY,2014-04-29 00:06:31,94.781,94.797,94.79,94.79
frxAUDJPY,2014-04-29 00:06:32,94.778,94.806,94.791,94.791
frxAUDJPY,2014-04-29 00:06:33,94.767,94.817,94.792,94.792
frxAUDJPY,2014-04-29 00:06:34,94.777,94.793,94.786,94.786
frxAUDJPY,2014-04-29 00:06:35,94.785,94.801,94.792,94.792
frxAUDJPY,2014-04-29 00:06:36,94.788,94.796,94.792,94.792
frxAUDJPY,2014-04-29 00:06:37,94.788,94.797,94.794,94.794
frxAUDJPY,2014-04-29 00:06:38,94.788,94.795,94.791,94.791
frxAUDJPY,2014-04-29 00:06:39,94.788,94.801,94.791,94.791
frxAUDJPY,2014-04-29 00:06:40,94.785,94.803,94.793,94.793
frxAUDJPY,2014-04-29 00:06:41,94.779,94.81,94.793,94.793
frxAUDJPY,2014-04-29 00:06:42,94.782,94.799,94.791,94.791
frxAUDJPY,2014-04-29 00:06:43,94.782,94.796,94.789,94.789
frxAUDJPY,2014-04-29 00:06:44,94.785,94.801,94.792,94.792
frxAUDJPY,2014-04-29 00:06:45,94.78,94.796,94.798,94.798
frxAUDJPY,2014-04-29 00:06:46,94.774,94.807,94.79,94.79
frxAUDJPY,2014-04-29 00:06:47,94.788,94.797,94.792,94.792
frxAUDJPY,2014-04-29 00:06:48,94.788,94.795,94.791,94.791
frxAUDJPY,2014-04-29 00:06:49,94.787,94.799,94.792,94.792
frxAUDJPY,2014-04-29 00:06:50,94.76,94.86,94.806,94.806
frxAUDJPY,2014-04-29 00:06:51,94.75,94.85,94.796,94.796
frxAUDJPY,2014-04-29 00:06:52,94.782,94.797,94.789,94.789
frxAUDJPY,2014-04-29 00:06:53,94.777,94.806,94.79,94.79
frxAUDJPY,2014-04-29 00:06:54,94.787,94.797,94.791,94.791
frxAUDJPY,2014-04-29 00:06:56,94.783,94.798,94.79,94.79
frxAUDJPY,2014-04-29 00:06:57,94.783,94.8,94.791,94.791
frxAUDJPY,2014-04-29 00:06:58,94.777,94.807,94.792,94.792
frxAUDJPY,2014-04-29 00:06:59,94.74,94.84,94.79,94.79
frxAUDJPY,2014-04-29 00:07:01,94.775,94.81,94.792,94.792
frxAUDJPY,2014-04-29 00:07:02,94.789,94.795,94.792,94.792
frxAUDJPY,2014-04-29 00:07:03,94.79,94.795,94.792,94.792
frxAUDJPY,2014-04-29 00:07:06,94.783,94.799,94.791,94.791
frxAUDJPY,2014-04-29 00:07:07,94.79,94.795,94.792,94.792
frxAUDJPY,2014-04-29 00:07:08,94.783,94.797,94.79,94.79
frxAUDJPY,2014-04-29 00:07:09,94.72,94.82,94.779,94.779
frxAUDJPY,2014-04-29 00:07:10,94.784,94.8,94.79,94.79
frxAUDJPY,2014-04-29 00:07:11,94.79,94.804,94.795,94.795
frxAUDJPY,2014-04-29 00:07:12,94.788,94.796,94.792,94.792
frxAUDJPY,2014-04-29 00:07:13,94.794,94.802,94.796,94.796
frxAUDJPY,2014-04-29 00:07:14,94.788,94.802,94.795,94.795
frxAUDJPY,2014-04-29 00:07:15,94.787,94.801,94.794,94.794
frxAUDJPY,2014-04-29 00:07:16,94.793,94.799,94.795,94.795
frxAUDJPY,2014-04-29 00:07:17,94.789,94.804,94.796,94.796
frxAUDJPY,2014-04-29 00:07:18,94.79,94.805,94.801,94.801
frxAUDJPY,2014-04-29 00:07:19,94.787,94.813,94.806,94.806
frxAUDJPY,2014-04-29 00:07:20,94.793,94.808,94.801,94.801
frxAUDJPY,2014-04-29 00:07:21,94.73,94.83,94.788,94.788
frxAUDJPY,2014-04-29 00:07:22,94.793,94.81,94.801,94.801
frxAUDJPY,2014-04-29 00:07:23,94.778,94.828,94.802,94.802
frxAUDJPY,2014-04-29 00:07:24,94.798,94.807,94.802,94.802
frxAUDJPY,2014-04-29 00:07:25,94.792,94.806,94.793,94.793
frxAUDJPY,2014-04-29 00:07:26,94.796,94.81,94.802,94.802
frxAUDJPY,2014-04-29 00:07:27,94.76,94.86,94.807,94.807
frxAUDJPY,2014-04-29 00:07:28,94.802,94.809,94.805,94.805
frxAUDJPY,2014-04-29 00:07:29,94.799,94.812,94.804,94.804
frxAUDJPY,2014-04-29 00:07:32,94.789,94.823,94.805,94.805
frxAUDJPY,2014-04-29 00:07:33,94.795,94.809,94.802,94.802
frxAUDJPY,2014-04-29 00:07:35,94.798,94.814,94.805,94.805
frxAUDJPY,2014-04-29 00:07:36,94.804,94.827,94.815,94.815
frxAUDJPY,2014-04-29 00:07:37,94.811,94.827,94.819,94.819
frxAUDJPY,2014-04-29 00:07:38,94.77,94.87,94.819,94.819
frxAUDJPY,2014-04-29 00:07:39,94.806,94.815,94.811,94.811
frxAUDJPY,2014-04-29 00:07:40,94.8,94.818,94.809,94.809
frxAUDJPY,2014-04-29 00:07:41,94.801,94.818,94.809,94.809
frxAUDJPY,2014-04-29 00:07:42,94.806,94.81,94.808,94.808
frxAUDJPY,2014-04-29 00:07:43,94.802,94.817,94.809,94.809
frxAUDJPY,2014-04-29 00:07:44,94.807,94.815,94.81,94.81
frxAUDJPY,2014-04-29 00:07:45,94.807,94.813,94.809,94.809
frxAUDJPY,2014-04-29 00:07:47,94.794,94.826,94.809,94.809
frxAUDJPY,2014-04-29 00:07:48,94.802,94.817,94.809,94.809
frxAUDJPY,2014-04-29 00:07:49,94.807,94.813,94.809,94.809
frxAUDJPY,2014-04-29 00:07:50,94.801,94.815,94.808,94.808
frxAUDJPY,2014-04-29 00:07:51,94.804,94.81,94.806,94.806
frxAUDJPY,2014-04-29 00:07:52,94.791,94.824,94.805,94.805
frxAUDJPY,2014-04-29 00:07:53,94.782,94.832,94.806,94.806
frxAUDJPY,2014-04-29 00:07:54,94.794,94.81,94.803,94.803
frxAUDJPY,2014-04-29 00:07:55,94.799,94.812,94.804,94.804
frxAUDJPY,2014-04-29 00:07:56,94.8,94.806,94.804,94.804
frxAUDJPY,2014-04-29 00:07:57,94.797,94.812,94.804,94.804
frxAUDJPY,2014-04-29 00:07:58,94.796,94.813,94.805,94.805
frxAUDJPY,2014-04-29 00:07:59,94.799,94.805,94.801,94.801
frxAUDJPY,2014-04-29 00:08:00,94.789,94.816,94.802,94.802
frxAUDJPY,2014-04-29 00:08:01,94.79,94.799,94.796,94.796
frxAUDJPY,2014-04-29 00:08:02,94.79,94.798,94.793,94.793
frxAUDJPY,2014-04-29 00:08:03,94.779,94.808,94.794,94.794
frxAUDJPY,2014-04-29 00:08:04,94.781,94.797,94.79,94.79
frxAUDJPY,2014-04-29 00:08:05,94.785,94.793,94.789,94.789
frxAUDJPY,2014-04-29 00:08:06,94.782,94.801,94.79,94.79
frxAUDJPY,2014-04-29 00:08:07,94.787,94.796,94.791,94.791
frxAUDJPY,2014-04-29 00:08:08,94.776,94.804,94.79,94.79
frxAUDJPY,2014-04-29 00:08:09,94.783,94.798,94.79,94.79
frxAUDJPY,2014-04-29 00:08:10,94.783,94.797,94.789,94.789
frxAUDJPY,2014-04-29 00:08:11,94.781,94.797,94.789,94.789
frxAUDJPY,2014-04-29 00:08:12,94.785,94.793,94.788,94.788
frxAUDJPY,2014-04-29 00:08:13,94.778,94.796,94.787,94.787
frxAUDJPY,2014-04-29 00:08:14,94.779,94.795,94.787,94.787
frxAUDJPY,2014-04-29 00:08:16,94.78,94.796,94.787,94.787
frxAUDJPY,2014-04-29 00:08:17,94.779,94.796,94.787,94.787
frxAUDJPY,2014-04-29 00:08:18,94.771,94.807,94.788,94.788
frxAUDJPY,2014-04-29 00:08:19,94.774,94.802,94.788,94.788
frxAUDJPY,2014-04-29 00:08:20,94.782,94.795,94.788,94.788
frxAUDJPY,2014-04-29 00:08:21,94.784,94.794,94.788,94.788
frxAUDJPY,2014-04-29 00:08:23,94.772,94.807,94.789,94.789
frxAUDJPY,2014-04-29 00:08:24,94.778,94.795,94.787,94.787
frxAUDJPY,2014-04-29 00:08:25,94.773,94.802,94.787,94.787
frxAUDJPY,2014-04-29 00:08:26,94.784,94.793,94.788,94.788
frxAUDJPY,2014-04-29 00:08:27,94.779,94.795,94.785,94.785
frxAUDJPY,2014-04-29 00:08:28,94.73,94.83,94.782,94.782
frxAUDJPY,2014-04-29 00:08:34,94.778,94.794,94.785,94.785
frxAUDJPY,2014-04-29 00:08:35,94.78,94.796,94.787,94.787
frxAUDJPY,2014-04-29 00:08:37,94.78,94.798,94.788,94.788
frxAUDJPY,2014-04-29 00:08:38,94.783,94.795,94.789,94.789
frxAUDJPY,2014-04-29 00:08:39,94.782,94.8,94.79,94.79
frxAUDJPY,2014-04-29 00:08:40,94.786,94.796,94.791,94.791
frxAUDJPY,2014-04-29 00:08:41,94.784,94.801,94.793,94.793
frxAUDJPY,2014-04-29 00:08:42,94.783,94.797,94.791,94.791
frxAUDJPY,2014-04-29 00:08:43,94.785,94.801,94.793,94.793
frxAUDJPY,2014-04-29 00:08:44,94.78,94.808,94.793,94.793
frxAUDJPY,2014-04-29 00:08:45,94.77,94.87,94.809,94.809
frxAUDJPY,2014-04-29 00:08:46,94.78,94.81,94.794,94.794
frxAUDJPY,2014-04-29 00:08:47,94.787,94.801,94.794,94.794
frxAUDJPY,2014-04-29 00:08:48,94.781,94.809,94.795,94.795
frxAUDJPY,2014-04-29 00:08:49,94.784,94.813,94.797,94.797
frxAUDJPY,2014-04-29 00:08:51,94.789,94.805,94.796,94.796
frxAUDJPY,2014-04-29 00:08:52,94.79,94.805,94.797,94.797
frxAUDJPY,2014-04-29 00:08:53,94.787,94.803,94.795,94.795
frxAUDJPY,2014-04-29 00:08:54,94.786,94.803,94.795,94.795
frxAUDJPY,2014-04-29 00:08:55,94.781,94.809,94.795,94.795
frxAUDJPY,2014-04-29 00:08:56,94.786,94.802,94.794,94.794
frxAUDJPY,2014-04-29 00:08:58,94.78,94.814,94.796,94.796
frxAUDJPY,2014-04-29 00:08:59,94.787,94.802,94.795,94.795
frxAUDJPY,2014-04-29 00:09:02,94.78,94.809,94.794,94.794
frxAUDJPY,2014-04-29 00:09:03,94.79,94.799,94.794,94.794
frxAUDJPY,2014-04-29 00:09:04,94.78,94.813,94.795,94.795
frxAUDJPY,2014-04-29 00:09:05,94.786,94.802,94.794,94.794
frxAUDJPY,2014-04-29 00:09:06,94.791,94.799,94.794,94.794
frxAUDJPY,2014-04-29 00:09:07,94.788,94.802,94.795,94.795
frxAUDJPY,2014-04-29 00:09:08,94.788,94.806,94.796,94.796
frxAUDJPY,2014-04-29 00:09:09,94.789,94.806,94.797,94.797
frxAUDJPY,2014-04-29 00:09:10,94.787,94.804,94.796,94.796
frxAUDJPY,2014-04-29 00:09:11,94.792,94.806,94.799,94.799
frxAUDJPY,2014-04-29 00:09:13,94.784,94.813,94.799,94.799
frxAUDJPY,2014-04-29 00:09:14,94.785,94.813,94.799,94.799
frxAUDJPY,2014-04-29 00:09:16,94.791,94.808,94.799,94.799
frxAUDJPY,2014-04-29 00:09:18,94.788,94.804,94.797,94.797
frxAUDJPY,2014-04-29 00:09:19,94.783,94.817,94.799,94.799
frxAUDJPY,2014-04-29 00:09:20,94.791,94.808,94.799,94.799
frxAUDJPY,2014-04-29 00:09:21,94.791,94.806,94.799,94.799
frxAUDJPY,2014-04-29 00:09:22,94.788,94.806,94.798,94.798
frxAUDJPY,2014-04-29 00:09:23,94.797,94.803,94.799,94.799
frxAUDJPY,2014-04-29 00:09:24,94.793,94.808,94.8,94.8
frxAUDJPY,2014-04-29 00:09:27,94.791,94.807,94.799,94.799
frxAUDJPY,2014-04-29 00:09:28,94.786,94.814,94.799,94.799
frxAUDJPY,2014-04-29 00:09:29,94.793,94.81,94.8,94.8
frxAUDJPY,2014-04-29 00:09:30,94.793,94.809,94.8,94.8
frxAUDJPY,2014-04-29 00:09:31,94.796,94.804,94.8,94.8
frxAUDJPY,2014-04-29 00:09:33,94.787,94.815,94.8,94.8
frxAUDJPY,2014-04-29 00:09:34,94.793,94.811,94.801,94.801
frxAUDJPY,2014-04-29 00:09:35,94.801,94.809,94.804,94.804
frxAUDJPY,2014-04-29 00:09:36,94.77,94.87,94.821,94.821
frxAUDJPY,2014-04-29 00:09:38,94.797,94.813,94.807,94.807
frxAUDJPY,2014-04-29 00:09:39,94.799,94.815,94.806,94.806
frxAUDJPY,2014-04-29 00:09:40,94.801,94.816,94.808,94.808
frxAUDJPY,2014-04-29 00:09:41,94.796,94.811,94.805,94.805
frxAUDJPY,2014-04-29 00:09:42,94.795,94.803,94.797,94.797
frxAUDJPY,2014-04-29 00:09:43,94.74,94.84,94.79,94.79
frxAUDJPY,2014-04-29 00:09:44,94.778,94.796,94.788,94.788
frxAUDJPY,2014-04-29 00:09:45,94.776,94.803,94.79,94.79
frxAUDJPY,2014-04-29 00:09:46,94.787,94.795,94.791,94.791
frxAUDJPY,2014-04-29 00:09:47,94.74,94.84,94.791,94.791
frxAUDJPY,2014-04-29 00:09:49,94.784,94.8,94.791,94.791
frxAUDJPY,2014-04-29 00:09:51,94.785,94.802,94.793,94.793
frxAUDJPY,2014-04-29 00:09:52,94.787,94.8,94.793,94.793
frxAUDJPY,2014-04-29 00:09:53,94.779,94.807,94.799,94.799
frxAUDJPY,2014-04-29 00:09:54,94.779,94.808,94.793,94.793
frxAUDJPY,2014-04-29 00:09:55,94.791,94.802,94.796,94.796
frxAUDJPY,2014-04-29 00:09:56,94.78,94.88,94.816,94.816
frxAUDJPY,2014-04-29 00:09:57,94.75,94.85,94.805,94.805
frxAUDJPY,2014-04-29 00:09:59,94.791,94.801,94.799,94.799
frxAUDJPY,2014-04-29 00:10:00,94.784,94.8,94.799,94.799
frxAUDJPY,2014-04-29 00:10:01,94.786,94.803,94.794,94.794
frxAUDJPY,2014-04-29 00:10:02,94.79,94.89,94.821,94.821
frxAUDJPY,2014-04-29 00:10:03,94.789,94.8,94.794,94.794
frxAUDJPY,2014-04-29 00:10:05,94.789,94.799,94.795,94.795
frxAUDJPY,2014-04-29 00:10:06,94.784,94.801,94.792,94.792
frxAUDJPY,2014-04-29 00:10:08,94.787,94.801,94.793,94.793
frxAUDJPY,2014-04-29 00:10:09,94.787,94.802,94.794,94.794
frxAUDJPY,2014-04-29 00:10:10,94.779,94.809,94.793,94.793
frxAUDJPY,2014-04-29 00:10:13,94.768,94.818,94.793,94.793
frxAUDJPY,2014-04-29 00:10:14,94.77,94.87,94.809,94.809
frxAUDJPY,2014-04-29 00:10:15,94.78,94.88,94.816,94.816
frxAUDJPY,2014-04-29 00:10:16,94.76,94.86,94.806,94.806
frxAUDJPY,2014-04-29 00:10:17,94.777,94.806,94.798,94.798
frxAUDJPY,2014-04-29 00:10:18,94.75,94.85,94.799,94.799
frxAUDJPY,2014-04-29 00:10:19,94.777,94.805,94.793,94.793
frxAUDJPY,2014-04-29 00:10:20,94.74,94.84,94.789,94.789
frxAUDJPY,2014-04-29 00:10:22,94.781,94.797,94.788,94.788
frxAUDJPY,2014-04-29 00:10:23,94.771,94.8,94.786,94.786
frxAUDJPY,2014-04-29 00:10:24,94.783,94.793,94.788,94.788
frxAUDJPY,2014-04-29 00:10:27,94.78,94.797,94.788,94.788
frxAUDJPY,2014-04-29 00:10:34,94.779,94.796,94.787,94.787
frxAUDJPY,2014-04-29 00:10:35,94.781,94.793,94.787,94.787
frxAUDJPY,2014-04-29 00:10:36,94.767,94.79,94.781,94.781
frxAUDJPY,2014-04-29 00:10:37,94.775,94.783,94.779,94.779
frxAUDJPY,2014-04-29 00:10:38,94.766,94.791,94.785,94.785
frxAUDJPY,2014-04-29 00:10:39,94.776,94.781,94.781,94.781
frxAUDJPY,2014-04-29 00:10:40,94.777,94.781,94.78,94.78
frxAUDJPY,2014-04-29 00:10:41,94.773,94.786,94.779,94.779
frxAUDJPY,2014-04-29 00:10:42,94.768,94.789,94.779,94.779
frxAUDJPY,2014-04-29 00:10:43,94.776,94.783,94.779,94.779
frxAUDJPY,2014-04-29 00:10:44,94.772,94.789,94.78,94.78
frxAUDJPY,2014-04-29 00:10:45,94.763,94.793,94.778,94.778
frxAUDJPY,2014-04-29 00:10:46,94.765,94.798,94.78,94.78
frxAUDJPY,2014-04-29 00:10:47,94.775,94.784,94.778,94.778
frxAUDJPY,2014-04-29 00:10:48,94.772,94.787,94.783,94.783
frxAUDJPY,2014-04-29 00:10:49,94.77,94.788,94.78,94.78
frxAUDJPY,2014-04-29 00:10:50,94.763,94.792,94.778,94.778
frxAUDJPY,2014-04-29 00:10:51,94.73,94.83,94.782,94.782
frxAUDJPY,2014-04-29 00:10:52,94.756,94.779,94.771,94.771
frxAUDJPY,2014-04-29 00:10:53,94.759,94.78,94.768,94.768
frxAUDJPY,2014-04-29 00:10:56,94.752,94.782,94.765,94.765
frxAUDJPY,2014-04-29 00:10:58,94.753,94.779,94.766,94.766
frxAUDJPY,2014-04-29 00:11:00,94.762,94.776,94.767,94.767
frxAUDJPY,2014-04-29 00:11:01,94.764,94.769,94.766,94.766
frxAUDJPY,2014-04-29 00:11:02,94.75,94.777,94.764,94.764
frxAUDJPY,2014-04-29 00:11:03,94.751,94.767,94.761,94.761
frxAUDJPY,2014-04-29 00:11:04,94.746,94.766,94.757,94.757
frxAUDJPY,2014-04-29 00:11:05,94.753,94.77,94.761,94.761
frxAUDJPY,2014-04-29 00:11:06,94.73,94.83,94.772,94.772
frxAUDJPY,2014-04-29 00:11:07,94.751,94.768,94.76,94.76
frxAUDJPY,2014-04-29 00:11:08,94.76,94.77,94.762,94.762
frxAUDJPY,2014-04-29 00:11:09,94.755,94.767,94.761,94.761
frxAUDJPY,2014-04-29 00:11:10,94.753,94.77,94.762,94.762
frxAUDJPY,2014-04-29 00:11:11,94.73,94.83,94.772,94.772
frxAUDJPY,2014-04-29 00:11:12,94.759,94.765,94.763,94.763
frxAUDJPY,2014-04-29 00:11:13,94.754,94.767,94.76,94.76
frxAUDJPY,2014-04-29 00:11:14,94.7,94.8,94.754,94.754
frxAUDJPY,2014-04-29 00:11:16,94.752,94.769,94.76,94.76
frxAUDJPY,2014-04-29 00:11:17,94.744,94.773,94.759,94.759
frxAUDJPY,2014-04-29 00:11:18,94.744,94.774,94.759,94.759
frxAUDJPY,2014-04-29 00:11:19,94.757,94.767,94.76,94.76
frxAUDJPY,2014-04-29 00:11:21,94.756,94.762,94.759,94.759
frxAUDJPY,2014-04-29 00:11:22,94.739,94.756,94.747,94.747
frxAUDJPY,2014-04-29 00:11:23,94.748,94.755,94.75,94.75
frxAUDJPY,2014-04-29 00:11:24,94.74,94.757,94.749,94.749
frxAUDJPY,2014-04-29 00:11:25,94.74,94.758,94.749,94.749
frxAUDJPY,2014-04-29 00:11:26,94.741,94.759,94.749,94.749
frxAUDJPY,2014-04-29 00:11:27,94.748,94.756,94.753,94.753
frxAUDJPY,2014-04-29 00:11:28,94.7,94.8,94.752,94.752
frxAUDJPY,2014-04-29 00:11:30,94.747,94.765,94.756,94.756
frxAUDJPY,2014-04-29 00:11:31,94.748,94.767,94.758,94.758
frxAUDJPY,2014-04-29 00:11:32,94.746,94.768,94.757,94.757
frxAUDJPY,2014-04-29 00:11:33,94.749,94.767,94.758,94.758
frxAUDJPY,2014-04-29 00:11:37,94.742,94.776,94.758,94.758
frxAUDJPY,2014-04-29 00:11:38,94.75,94.765,94.757,94.757
frxAUDJPY,2014-04-29 00:11:39,94.75,94.766,94.757,94.757
frxAUDJPY,2014-04-29 00:11:40,94.757,94.766,94.76,94.76
frxAUDJPY,2014-04-29 00:11:41,94.75,94.767,94.759,94.759
frxAUDJPY,2014-04-29 00:11:42,94.745,94.777,94.76,94.76
frxAUDJPY,2014-04-29 00:11:43,94.745,94.774,94.759,94.759
frxAUDJPY,2014-04-29 00:11:44,94.69,94.79,94.748,94.748
frxAUDJPY,2014-04-29 00:11:45,94.746,94.774,94.755,94.755
frxAUDJPY,2014-04-29 00:11:46,94.7,94.8,94.752,94.752
frxAUDJPY,2014-04-29 00:11:47,94.747,94.763,94.756,94.756
frxAUDJPY,2014-04-29 00:11:48,94.751,94.761,94.756,94.756
frxAUDJPY,2014-04-29 00:11:50,94.747,94.764,94.755,94.755
frxAUDJPY,2014-04-29 00:11:51,94.75,94.757,94.753,94.753
frxAUDJPY,2014-04-29 00:11:52,94.742,94.761,94.751,94.751
frxAUDJPY,2014-04-29 00:11:53,94.742,94.761,94.751,94.751
frxAUDJPY,2014-04-29 00:11:56,94.742,94.759,94.751,94.751
frxAUDJPY,2014-04-29 00:11:57,94.743,94.755,94.749,94.749
frxAUDJPY,2014-04-29 00:11:58,94.734,94.764,94.748,94.748
frxAUDJPY,2014-04-29 00:11:59,94.74,94.754,94.746,94.746
frxAUDJPY,2014-04-29 00:12:00,94.737,94.755,94.745,94.745
frxAUDJPY,2014-04-29 00:12:01,94.742,94.751,94.746,94.746
frxAUDJPY,2014-04-29 00:12:02,94.744,94.755,94.749,94.749
frxAUDJPY,2014-04-29 00:12:03,94.732,94.761,94.746,94.746
frxAUDJPY,2014-04-29 00:12:04,94.747,94.756,94.75,94.75
frxAUDJPY,2014-04-29 00:12:05,94.739,94.755,94.748,94.748
frxAUDJPY,2014-04-29 00:12:06,94.739,94.753,94.746,94.746
frxAUDJPY,2014-04-29 00:12:07,94.69,94.79,94.743,94.743
frxAUDJPY,2014-04-29 00:12:08,94.722,94.75,94.737,94.737
frxAUDJPY,2014-04-29 00:12:09,94.734,94.748,94.74,94.74
frxAUDJPY,2014-04-29 00:12:10,94.733,94.751,94.74,94.74
frxAUDJPY,2014-04-29 00:12:11,94.729,94.741,94.735,94.735
frxAUDJPY,2014-04-29 00:12:12,94.724,94.743,94.733,94.733
frxAUDJPY,2014-04-29 00:12:13,94.731,94.743,94.735,94.735
frxAUDJPY,2014-04-29 00:12:14,94.722,94.752,94.736,94.736
frxAUDJPY,2014-04-29 00:12:15,94.732,94.741,94.736,94.736
frxAUDJPY,2014-04-29 00:12:16,94.737,94.745,94.74,94.74
frxAUDJPY,2014-04-29 00:12:17,94.734,94.741,94.737,94.737
frxAUDJPY,2014-04-29 00:12:18,94.725,94.741,94.735,94.735
frxAUDJPY,2014-04-29 00:12:19,94.73,94.746,94.742,94.742
frxAUDJPY,2014-04-29 00:12:20,94.724,94.742,94.734,94.734
frxAUDJPY,2014-04-29 00:12:21,94.728,94.743,94.735,94.735
frxAUDJPY,2014-04-29 00:12:22,94.733,94.739,94.735,94.735
frxAUDJPY,2014-04-29 00:12:23,94.737,94.744,94.74,94.74
frxAUDJPY,2014-04-29 00:12:25,94.734,94.75,94.741,94.741
frxAUDJPY,2014-04-29 00:12:26,94.733,94.749,94.741,94.741
frxAUDJPY,2014-04-29 00:12:27,94.734,94.747,94.74,94.74
frxAUDJPY,2014-04-29 00:12:28,94.728,94.756,94.741,94.741
frxAUDJPY,2014-04-29 00:12:29,94.738,94.743,94.739,94.739
frxAUDJPY,2014-04-29 00:12:30,94.729,94.748,94.739,94.739
frxAUDJPY,2014-04-29 00:12:31,94.736,94.743,94.743,94.743
frxAUDJPY,2014-04-29 00:12:32,94.69,94.79,94.739,94.739
frxAUDJPY,2014-04-29 00:12:33,94.722,94.755,94.738,94.738
frxAUDJPY,2014-04-29 00:12:34,94.725,94.747,94.736,94.736
frxAUDJPY,2014-04-29 00:12:35,94.719,94.746,94.731,94.731
frxAUDJPY,2014-04-29 00:12:36,94.736,94.754,94.744,94.744
frxAUDJPY,2014-04-29 00:12:37,94.75,94.759,94.752,94.752
frxAUDJPY,2014-04-29 00:12:38,94.747,94.762,94.753,94.753
frxAUDJPY,2014-04-29 00:12:39,94.743,94.763,94.752,94.752
frxAUDJPY,2014-04-29 00:12:41,94.748,94.761,94.752,94.752
frxAUDJPY,2014-04-29 00:12:42,94.744,94.755,94.749,94.749
frxAUDJPY,2014-04-29 00:12:43,94.736,94.769,94.75,94.75
frxAUDJPY,2014-04-29 00:12:44,94.741,94.755,94.748,94.748
frxAUDJPY,2014-04-29 00:12:45,94.744,94.76,94.75,94.75
frxAUDJPY,2014-04-29 00:12:46,94.738,94.765,94.751,94.751
frxAUDJPY,2014-04-29 00:12:47,94.747,94.758,94.753,94.753
frxAUDJPY,2014-04-29 00:12:48,94.741,94.757,94.75,94.75
frxAUDJPY,2014-04-29 00:12:49,94.741,94.757,94.749,94.749
frxAUDJPY,2014-04-29 00:12:50,94.744,94.761,94.751,94.751
frxAUDJPY,2014-04-29 00:12:51,94.748,94.771,94.759,94.759
frxAUDJPY,2014-04-29 00:12:52,94.751,94.767,94.759,94.759
frxAUDJPY,2014-04-29 00:12:53,94.754,94.762,94.757,94.757
frxAUDJPY,2014-04-29 00:12:54,94.75,94.766,94.757,94.757
frxAUDJPY,2014-04-29 00:12:55,94.751,94.768,94.757,94.757
frxAUDJPY,2014-04-29 00:12:56,94.746,94.76,94.752,94.752
frxAUDJPY,2014-04-29 00:12:57,94.741,94.764,94.752,94.752
frxAUDJPY,2014-04-29 00:12:58,94.747,94.754,94.751,94.751
frxAUDJPY,2014-04-29 00:12:59,94.743,94.756,94.754,94.754
frxAUDJPY,2014-04-29 00:13:00,94.737,94.758,94.752,94.752
frxAUDJPY,2014-04-29 00:13:01,94.738,94.761,94.75,94.75
frxAUDJPY,2014-04-29 00:13:02,94.742,94.753,94.75,94.75
frxAUDJPY,2014-04-29 00:13:03,94.734,94.763,94.748,94.748
frxAUDJPY,2014-04-29 00:13:04,94.745,94.753,94.747,94.747
frxAUDJPY,2014-04-29 00:13:05,94.74,94.753,94.745,94.745
frxAUDJPY,2014-04-29 00:13:07,94.738,94.754,94.745,94.745
frxAUDJPY,2014-04-29 00:13:08,94.729,94.759,94.744,94.744
frxAUDJPY,2014-04-29 00:13:09,94.73,94.759,94.745,94.745
frxAUDJPY,2014-04-29 00:13:10,94.73,94.76,94.745,94.745
frxAUDJPY,2014-04-29 00:13:11,94.74,94.756,94.747,94.747
frxAUDJPY,2014-04-29 00:13:12,94.745,94.754,94.748,94.748
frxAUDJPY,2014-04-29 00:13:13,94.742,94.754,94.748,94.748
frxAUDJPY,2014-04-29 00:13:14,94.74,94.758,94.749,94.749
frxAUDJPY,2014-04-29 00:13:15,94.747,94.751,94.748,94.748
frxAUDJPY,2014-04-29 00:13:16,94.736,94.763,94.758,94.758
frxAUDJPY,2014-04-29 00:13:17,94.74,94.756,94.755,94.755
frxAUDJPY,2014-04-29 00:13:18,94.7,94.8,94.748,94.748
frxAUDJPY,2014-04-29 00:13:19,94.742,94.757,94.751,94.751
frxAUDJPY,2014-04-29 00:13:20,94.748,94.757,94.751,94.751
frxAUDJPY,2014-04-29 00:13:23,94.74,94.757,94.748,94.748
frxAUDJPY,2014-04-29 00:13:24,94.734,94.767,94.75,94.75
frxAUDJPY,2014-04-29 00:13:25,94.734,94.763,94.749,94.749
frxAUDJPY,2014-04-29 00:13:26,94.739,94.757,94.747,94.747
frxAUDJPY,2014-04-29 00:13:27,94.738,94.756,94.746,94.746
frxAUDJPY,2014-04-29 00:13:28,94.739,94.757,94.747,94.747
frxAUDJPY,2014-04-29 00:13:29,94.732,94.766,94.748,94.748
frxAUDJPY,2014-04-29 00:13:30,94.733,94.763,94.747,94.747
frxAUDJPY,2014-04-29 00:13:31,94.739,94.757,94.747,94.747
frxAUDJPY,2014-04-29 00:13:33,94.746,94.752,94.748,94.748
frxAUDJPY,2014-04-29 00:13:34,94.737,94.757,94.747,94.747
frxAUDJPY,2014-04-29 00:13:37,94.74,94.756,94.747,94.747
frxAUDJPY,2014-04-29 00:13:38,94.739,94.757,94.748,94.748
frxAUDJPY,2014-04-29 00:13:39,94.741,94.753,94.747,94.747
frxAUDJPY,2014-04-29 00:13:40,94.74,94.757,94.748,94.748
frxAUDJPY,2014-04-29 00:13:41,94.7,94.8,94.749,94.749
frxAUDJPY,2014-04-29 00:13:42,94.741,94.758,94.749,94.749
frxAUDJPY,2014-04-29 00:13:43,94.74,94.758,94.748,94.748
frxAUDJPY,2014-04-29 00:13:44,94.739,94.758,94.748,94.748
frxAUDJPY,2014-04-29 00:13:45,94.738,94.757,94.747,94.747
frxAUDJPY,2014-04-29 00:13:46,94.739,94.757,94.748,94.748
frxAUDJPY,2014-04-29 00:13:49,94.741,94.756,94.748,94.748
frxAUDJPY,2014-04-29 00:13:50,94.739,94.756,94.747,94.747
frxAUDJPY,2014-04-29 00:13:52,94.741,94.757,94.753,94.753
frxAUDJPY,2014-04-29 00:13:53,94.735,94.765,94.749,94.749
frxAUDJPY,2014-04-29 00:13:54,94.743,94.759,94.75,94.75
frxAUDJPY,2014-04-29 00:13:55,94.745,94.754,94.749,94.749
frxAUDJPY,2014-04-29 00:13:59,94.74,94.758,94.749,94.749
frxAUDJPY,2014-04-29 00:14:00,94.742,94.759,94.75,94.75
frxAUDJPY,2014-04-29 00:14:02,94.741,94.759,94.75,94.75
frxAUDJPY,2014-04-29 00:14:03,94.736,94.764,94.749,94.749
frxAUDJPY,2014-04-29 00:14:04,94.74,94.75,94.743,94.743
frxAUDJPY,2014-04-29 00:14:05,94.733,94.752,94.741,94.741
frxAUDJPY,2014-04-29 00:14:06,94.732,94.748,94.75,94.75
frxAUDJPY,2014-04-29 00:14:07,94.727,94.748,94.738,94.738
frxAUDJPY,2014-04-29 00:14:08,94.725,94.755,94.739,94.739
frxAUDJPY,2014-04-29 00:14:10,94.72,94.756,94.738,94.738
frxAUDJPY,2014-04-29 00:14:11,94.733,94.741,94.737,94.737
frxAUDJPY,2014-04-29 00:14:12,94.727,94.746,94.737,94.737
frxAUDJPY,2014-04-29 00:14:13,94.728,94.745,94.736,94.736
frxAUDJPY,2014-04-29 00:14:14,94.711,94.762,94.735,94.735
frxAUDJPY,2014-04-29 00:14:15,94.727,94.745,94.735,94.735
frxAUDJPY,2014-04-29 00:14:16,94.728,94.745,94.736,94.736
frxAUDJPY,2014-04-29 00:14:20,94.732,94.739,94.736,94.736
frxAUDJPY,2014-04-29 00:14:21,94.73,94.746,94.736,94.736
frxAUDJPY,2014-04-29 00:14:22,94.732,94.74,94.736,94.736
frxAUDJPY,2014-04-29 00:14:23,94.72,94.749,94.735,94.735
frxAUDJPY,2014-04-29 00:14:24,94.722,94.735,94.728,94.728
frxAUDJPY,2014-04-29 00:14:25,94.723,94.74,94.73,94.73
frxAUDJPY,2014-04-29 00:14:26,94.719,94.738,94.728,94.728
frxAUDJPY,2014-04-29 00:14:27,94.722,94.734,94.728,94.728
frxAUDJPY,2014-04-29 00:14:28,94.724,94.733,94.728,94.728
frxAUDJPY,2014-04-29 00:14:29,94.721,94.739,94.729,94.729
frxAUDJPY,2014-04-29 00:14:30,94.711,94.747,94.729,94.729
frxAUDJPY,2014-04-29 00:14:31,94.732,94.737,94.733,94.733
frxAUDJPY,2014-04-29 00:14:32,94.715,94.744,94.729,94.729
frxAUDJPY,2014-04-29 00:14:33,94.723,94.735,94.729,94.729
frxAUDJPY,2014-04-29 00:14:34,94.706,94.756,94.73,94.73
frxAUDJPY,2014-04-29 00:14:35,94.712,94.747,94.729,94.729
frxAUDJPY,2014-04-29 00:14:36,94.728,94.732,94.729,94.729
frxAUDJPY,2014-04-29 00:14:40,94.721,94.738,94.729,94.729
frxAUDJPY,2014-04-29 00:14:41,94.726,94.732,94.729,94.729
frxAUDJPY,2014-04-29 00:14:42,94.724,94.734,94.728,94.728
frxAUDJPY,2014-04-29 00:14:43,94.714,94.743,94.728,94.728
frxAUDJPY,2014-04-29 00:14:44,94.705,94.755,94.729,94.729
frxAUDJPY,2014-04-29 00:14:45,94.712,94.748,94.729,94.729
frxAUDJPY,2014-04-29 00:14:46,94.721,94.739,94.729,94.729
frxAUDJPY,2014-04-29 00:14:47,94.726,94.735,94.73,94.73
frxAUDJPY,2014-04-29 00:14:48,94.721,94.733,94.727,94.727
frxAUDJPY,2014-04-29 00:14:49,94.69,94.79,94.733,94.733
frxAUDJPY,2014-04-29 00:14:50,94.72,94.736,94.728,94.728
frxAUDJPY,2014-04-29 00:14:51,94.715,94.728,94.721,94.721
frxAUDJPY,2014-04-29 00:14:52,94.712,94.727,94.719,94.719
frxAUDJPY,2014-04-29 00:14:53,94.69,94.79,94.731,94.731
frxAUDJPY,2014-04-29 00:14:54,94.694,94.744,94.721,94.721
frxAUDJPY,2014-04-29 00:14:55,94.709,94.727,94.718,94.718
frxAUDJPY,2014-04-29 00:14:56,94.69,94.79,94.731,94.731
frxAUDJPY,2014-04-29 00:14:57,94.704,94.733,94.72,94.72
frxAUDJPY,2014-04-29 00:14:58,94.716,94.722,94.719,94.719
frxAUDJPY,2014-04-29 00:14:59,94.712,94.728,94.72,94.72
frxAUDJPY,2014-04-29 00:15:00,94.707,94.727,94.717,94.717
frxAUDJPY,2014-04-29 00:15:01,94.713,94.726,94.718,94.718
frxAUDJPY,2014-04-29 00:15:02,94.703,94.716,94.711,94.711
frxAUDJPY,2014-04-29 00:15:03,94.7,94.719,94.71,94.71
frxAUDJPY,2014-04-29 00:15:04,94.685,94.735,94.71,94.71
frxAUDJPY,2014-04-29 00:15:05,94.701,94.719,94.709,94.709
frxAUDJPY,2014-04-29 00:15:06,94.702,94.716,94.709,94.709
frxAUDJPY,2014-04-29 00:15:07,94.713,94.727,94.718,94.718
frxAUDJPY,2014-04-29 00:15:08,94.706,94.727,94.716,94.716
frxAUDJPY,2014-04-29 00:15:09,94.712,94.726,94.722,94.722
frxAUDJPY,2014-04-29 00:15:10,94.714,94.726,94.718,94.718
frxAUDJPY,2014-04-29 00:15:11,94.704,94.736,94.719,94.719
frxAUDJPY,2014-04-29 00:15:12,94.708,94.724,94.716,94.716
frxAUDJPY,2014-04-29 00:15:13,94.704,94.733,94.717,94.717
frxAUDJPY,2014-04-29 00:15:14,94.708,94.726,94.715,94.715
frxAUDJPY,2014-04-29 00:15:15,94.713,94.729,94.719,94.719
frxAUDJPY,2014-04-29 00:15:16,94.7,94.8,94.743,94.743
frxAUDJPY,2014-04-29 00:15:17,94.723,94.746,94.739,94.739
frxAUDJPY,2014-04-29 00:15:18,94.717,94.749,94.733,94.733
frxAUDJPY,2014-04-29 00:15:19,94.72,94.739,94.731,94.731
frxAUDJPY,2014-04-29 00:15:21,94.726,94.746,94.734,94.734
frxAUDJPY,2014-04-29 00:15:22,94.721,94.745,94.733,94.733
frxAUDJPY,2014-04-29 00:15:23,94.727,94.742,94.734,94.734
frxAUDJPY,2014-04-29 00:15:24,94.731,94.746,94.737,94.737
frxAUDJPY,2014-04-29 00:15:25,94.731,94.747,94.739,94.739
frxAUDJPY,2014-04-29 00:15:26,94.727,94.757,94.741,94.741
frxAUDJPY,2014-04-29 00:15:27,94.731,94.751,94.74,94.74
frxAUDJPY,2014-04-29 00:15:28,94.735,94.752,94.742,94.742
frxAUDJPY,2014-04-29 00:15:29,94.732,94.752,94.742,94.742
frxAUDJPY,2014-04-29 00:15:30,94.73,94.76,94.746,94.746
frxAUDJPY,2014-04-29 00:15:31,94.732,94.764,94.746,94.746
frxAUDJPY,2014-04-29 00:15:32,94.732,94.755,94.743,94.743
frxAUDJPY,2014-04-29 00:15:33,94.729,94.76,94.745,94.745
frxAUDJPY,2014-04-29 00:15:34,94.727,94.758,94.743,94.743
frxAUDJPY,2014-04-29 00:15:35,94.732,94.751,94.741,94.741
frxAUDJPY,2014-04-29 00:15:36,94.737,94.751,94.744,94.744
frxAUDJPY,2014-04-29 00:15:37,94.73,94.83,94.763,94.763
frxAUDJPY,2014-04-29 00:15:38,94.733,94.749,94.74,94.74
frxAUDJPY,2014-04-29 00:15:39,94.73,94.746,94.738,94.738
frxAUDJPY,2014-04-29 00:15:40,94.735,94.75,94.741,94.741
frxAUDJPY,2014-04-29 00:15:41,94.726,94.757,94.741,94.741
frxAUDJPY,2014-04-29 00:15:42,94.728,94.745,94.737,94.737
frxAUDJPY,2014-04-29 00:15:43,94.72,94.748,94.735,94.735
frxAUDJPY,2014-04-29 00:15:44,94.725,94.741,94.732,94.732
frxAUDJPY,2014-04-29 00:15:45,94.727,94.743,94.734,94.734
frxAUDJPY,2014-04-29 00:15:46,94.723,94.743,94.733,94.733
frxAUDJPY,2014-04-29 00:15:47,94.73,94.746,94.738,94.738
frxAUDJPY,2014-04-29 00:15:48,94.733,94.746,94.741,94.741
frxAUDJPY,2014-04-29 00:15:49,94.74,94.753,94.746,94.746
frxAUDJPY,2014-04-29 00:15:50,94.733,94.751,94.743,94.743
frxAUDJPY,2014-04-29 00:15:51,94.741,94.75,94.744,94.744
frxAUDJPY,2014-04-29 00:15:52,94.734,94.755,94.744,94.744
frxAUDJPY,2014-04-29 00:15:53,94.735,94.752,94.744,94.744
frxAUDJPY,2014-04-29 00:15:54,94.72,94.77,94.744,94.744
frxAUDJPY,2014-04-29 00:15:55,94.732,94.748,94.74,94.74
frxAUDJPY,2014-04-29 00:15:56,94.73,94.746,94.739,94.739
frxAUDJPY,2014-04-29 00:15:57,94.7,94.8,94.746,94.746
frxAUDJPY,2014-04-29 00:15:58,94.728,94.749,94.738,94.738
frxAUDJPY,2014-04-29 00:15:59,94.728,94.744,94.736,94.736
frxAUDJPY,2014-04-29 00:16:00,94.731,94.748,94.737,94.737
frxAUDJPY,2014-04-29 00:16:01,94.73,94.745,94.737,94.737
frxAUDJPY,2014-04-29 00:16:02,94.719,94.755,94.737,94.737
frxAUDJPY,2014-04-29 00:16:03,94.727,94.743,94.735,94.735
frxAUDJPY,2014-04-29 00:16:04,94.714,94.764,94.737,94.737
frxAUDJPY,2014-04-29 00:16:05,94.728,94.745,94.736,94.736
frxAUDJPY,2014-04-29 00:16:06,94.68,94.78,94.732,94.732
frxAUDJPY,2014-04-29 00:16:07,94.736,94.748,94.741,94.741
frxAUDJPY,2014-04-29 00:16:08,94.66,94.76,94.721,94.721
frxAUDJPY,2014-04-29 00:16:09,94.737,94.747,94.733,94.733
frxAUDJPY,2014-04-29 00:16:12,94.729,94.759,94.74,94.74
frxAUDJPY,2014-04-29 00:16:13,94.728,94.752,94.739,94.739
frxAUDJPY,2014-04-29 00:16:14,94.68,94.78,94.734,94.734
frxAUDJPY,2014-04-29 00:16:15,94.727,94.752,94.739,94.739
frxAUDJPY,2014-04-29 00:16:16,94.73,94.749,94.739,94.739
frxAUDJPY,2014-04-29 00:16:17,94.728,94.759,94.735,94.735
frxAUDJPY,2014-04-29 00:16:18,94.73,94.748,94.739,94.739
frxAUDJPY,2014-04-29 00:16:19,94.68,94.78,94.733,94.733
frxAUDJPY,2014-04-29 00:16:22,94.727,94.758,94.74,94.74
frxAUDJPY,2014-04-29 00:16:23,94.726,94.753,94.739,94.739
frxAUDJPY,2014-04-29 00:16:24,94.731,94.743,94.736,94.736
frxAUDJPY,2014-04-29 00:16:25,94.735,94.743,94.739,94.739
frxAUDJPY,2014-04-29 00:16:26,94.737,94.749,94.741,94.741
frxAUDJPY,2014-04-29 00:16:27,94.732,94.748,94.74,94.74
frxAUDJPY,2014-04-29 00:16:28,94.731,94.747,94.74,94.74
frxAUDJPY,2014-04-29 00:16:29,94.728,94.744,94.736,94.736
frxAUDJPY,2014-04-29 00:16:30,94.732,94.746,94.738,94.738
frxAUDJPY,2014-04-29 00:16:31,94.727,94.746,94.736,94.736
frxAUDJPY,2014-04-29 00:16:32,94.735,94.747,94.74,94.74
frxAUDJPY,2014-04-29 00:16:33,94.727,94.754,94.74,94.74
frxAUDJPY,2014-04-29 00:16:34,94.715,94.765,94.74,94.74
frxAUDJPY,2014-04-29 00:16:35,94.736,94.748,94.741,94.741
frxAUDJPY,2014-04-29 00:16:36,94.731,94.748,94.739,94.739
frxAUDJPY,2014-04-29 00:16:37,94.736,94.744,94.74,94.74
frxAUDJPY,2014-04-29 00:16:38,94.728,94.759,94.742,94.742
frxAUDJPY,2014-04-29 00:16:43,94.738,94.753,94.744,94.744
frxAUDJPY,2014-04-29 00:16:44,94.737,94.753,94.746,94.746
frxAUDJPY,2014-04-29 00:16:45,94.736,94.745,94.741,94.741
frxAUDJPY,2014-04-29 00:16:46,94.737,94.751,94.743,94.743
frxAUDJPY,2014-04-29 00:16:47,94.732,94.749,94.74,94.74
frxAUDJPY,2014-04-29 00:16:48,94.727,94.758,94.741,94.741
frxAUDJPY,2014-04-29 00:16:49,94.734,94.749,94.74,94.74
frxAUDJPY,2014-04-29 00:16:50,94.735,94.742,94.741,94.741
frxAUDJPY,2014-04-29 00:16:51,94.65,94.75,94.714,94.714
frxAUDJPY,2014-04-29 00:16:52,94.726,94.754,94.729,94.729
frxAUDJPY,2014-04-29 00:16:53,94.735,94.748,94.736,94.736
frxAUDJPY,2014-04-29 00:16:54,94.733,94.748,94.736,94.736
frxAUDJPY,2014-04-29 00:16:55,94.732,94.746,94.738,94.738
frxAUDJPY,2014-04-29 00:16:56,94.729,94.744,94.735,94.735
frxAUDJPY,2014-04-29 00:16:57,94.728,94.743,94.734,94.734
frxAUDJPY,2014-04-29 00:16:58,94.725,94.745,94.734,94.734
frxAUDJPY,2014-04-29 00:16:59,94.725,94.741,94.733,94.733
frxAUDJPY,2014-04-29 00:17:00,94.724,94.744,94.733,94.733
frxAUDJPY,2014-04-29 00:17:01,94.725,94.745,94.734,94.734
frxAUDJPY,2014-04-29 00:17:02,94.726,94.744,94.734,94.734
frxAUDJPY,2014-04-29 00:17:04,94.71,94.76,94.734,94.734
frxAUDJPY,2014-04-29 00:17:07,94.723,94.743,94.733,94.733
frxAUDJPY,2014-04-29 00:17:08,94.723,94.739,94.731,94.731
frxAUDJPY,2014-04-29 00:17:09,94.729,94.738,94.733,94.733
frxAUDJPY,2014-04-29 00:17:10,94.727,94.741,94.733,94.733
frxAUDJPY,2014-04-29 00:17:11,94.726,94.736,94.73,94.73
frxAUDJPY,2014-04-29 00:17:12,94.727,94.736,94.732,94.732
frxAUDJPY,2014-04-29 00:17:13,94.71,94.81,94.749,94.749
frxAUDJPY,2014-04-29 00:17:14,94.729,94.739,94.736,94.736
frxAUDJPY,2014-04-29 00:17:16,94.729,94.743,94.735,94.735
frxAUDJPY,2014-04-29 00:17:17,94.733,94.744,94.736,94.736
frxAUDJPY,2014-04-29 00:17:18,94.73,94.746,94.738,94.738
frxAUDJPY,2014-04-29 00:17:20,94.728,94.745,94.738,94.738
frxAUDJPY,2014-04-29 00:17:21,94.723,94.745,94.733,94.733
frxAUDJPY,2014-04-29 00:17:22,94.68,94.78,94.731,94.731
frxAUDJPY,2014-04-29 00:17:23,94.73,94.744,94.735,94.735
frxAUDJPY,2014-04-29 00:17:24,94.729,94.741,94.734,94.734
frxAUDJPY,2014-04-29 00:17:26,94.727,94.744,94.735,94.735
frxAUDJPY,2014-04-29 00:17:27,94.725,94.742,94.733,94.733
frxAUDJPY,2014-04-29 00:17:29,94.72,94.751,94.734,94.734
frxAUDJPY,2014-04-29 00:17:30,94.724,94.742,94.733,94.733
frxAUDJPY,2014-04-29 00:17:33,94.724,94.741,94.732,94.732
frxAUDJPY,2014-04-29 00:17:34,94.709,94.759,94.733,94.733
frxAUDJPY,2014-04-29 00:17:35,94.724,94.74,94.732,94.732
frxAUDJPY,2014-04-29 00:17:36,94.717,94.745,94.731,94.731
frxAUDJPY,2014-04-29 00:17:37,94.729,94.744,94.734,94.734
frxAUDJPY,2014-04-29 00:17:38,94.723,94.745,94.733,94.733
frxAUDJPY,2014-04-29 00:17:39,94.721,94.752,94.739,94.739
frxAUDJPY,2014-04-29 00:17:40,94.731,94.744,94.736,94.736
frxAUDJPY,2014-04-29 00:17:41,94.68,94.78,94.731,94.731
frxAUDJPY,2014-04-29 00:17:42,94.729,94.736,94.733,94.733
frxAUDJPY,2014-04-29 00:17:43,94.721,94.748,94.734,94.734
frxAUDJPY,2014-04-29 00:17:44,94.725,94.741,94.733,94.733
frxAUDJPY,2014-04-29 00:17:45,94.729,94.745,94.736,94.736
frxAUDJPY,2014-04-29 00:17:46,94.734,94.743,94.738,94.738
frxAUDJPY,2014-04-29 00:17:47,94.726,94.754,94.738,94.738
frxAUDJPY,2014-04-29 00:17:48,94.733,94.746,94.739,94.739
frxAUDJPY,2014-04-29 00:17:49,94.733,94.743,94.737,94.737
frxAUDJPY,2014-04-29 00:17:50,94.727,94.742,94.735,94.735
frxAUDJPY,2014-04-29 00:17:51,94.734,94.738,94.736,94.736
frxAUDJPY,2014-04-29 00:17:52,94.726,94.744,94.735,94.735
frxAUDJPY,2014-04-29 00:17:53,94.72,94.749,94.735,94.735
frxAUDJPY,2014-04-29 00:17:54,94.711,94.761,94.735,94.735
frxAUDJPY,2014-04-29 00:17:55,94.725,94.741,94.734,94.734
frxAUDJPY,2014-04-29 00:17:58,94.726,94.744,94.734,94.734
frxAUDJPY,2014-04-29 00:18:00,94.729,94.743,94.735,94.735
frxAUDJPY,2014-04-29 00:18:01,94.721,94.749,94.734,94.734
frxAUDJPY,2014-04-29 00:18:02,94.724,94.746,94.735,94.735
frxAUDJPY,2014-04-29 00:18:03,94.717,94.746,94.732,94.732
frxAUDJPY,2014-04-29 00:18:04,94.7,94.8,94.742,94.742
frxAUDJPY,2014-04-29 00:18:07,94.725,94.741,94.733,94.733
frxAUDJPY,2014-04-29 00:18:08,94.723,94.741,94.732,94.732
frxAUDJPY,2014-04-29 00:18:09,94.719,94.739,94.729,94.729
frxAUDJPY,2014-04-29 00:18:10,94.718,94.749,94.732,94.732
frxAUDJPY,2014-04-29 00:18:11,94.714,94.742,94.728,94.728
frxAUDJPY,2014-04-29 00:18:12,94.68,94.78,94.729,94.729
frxAUDJPY,2014-04-29 00:18:14,94.722,94.735,94.728,94.728
frxAUDJPY,2014-04-29 00:18:15,94.715,94.747,94.73,94.73
frxAUDJPY,2014-04-29 00:18:17,94.723,94.738,94.73,94.73
frxAUDJPY,2014-04-29 00:18:18,94.72,94.739,94.729,94.729
frxAUDJPY,2014-04-29 00:18:20,94.722,94.738,94.729,94.729
frxAUDJPY,2014-04-29 00:18:21,94.722,94.737,94.729,94.729
frxAUDJPY,2014-04-29 00:18:23,94.719,94.737,94.728,94.728
frxAUDJPY,2014-04-29 00:18:25,94.721,94.735,94.728,94.728
frxAUDJPY,2014-04-29 00:18:26,94.72,94.733,94.726,94.726
frxAUDJPY,2014-04-29 00:18:27,94.719,94.728,94.724,94.724
frxAUDJPY,2014-04-29 00:18:28,94.718,94.73,94.724,94.724
frxAUDJPY,2014-04-29 00:18:29,94.711,94.74,94.724,94.724
frxAUDJPY,2014-04-29 00:18:30,94.717,94.73,94.724,94.724
frxAUDJPY,2014-04-29 00:18:31,94.721,94.735,94.725,94.725
frxAUDJPY,2014-04-29 00:18:32,94.715,94.736,94.725,94.725
frxAUDJPY,2014-04-29 00:18:33,94.718,94.736,94.726,94.726
frxAUDJPY,2014-04-29 00:18:34,94.722,94.731,94.726,94.726
frxAUDJPY,2014-04-29 00:18:35,94.712,94.74,94.726,94.726
frxAUDJPY,2014-04-29 00:18:36,94.723,94.737,94.729,94.729
frxAUDJPY,2014-04-29 00:18:37,94.722,94.731,94.726,94.726
frxAUDJPY,2014-04-29 00:18:38,94.712,94.74,94.726,94.726
frxAUDJPY,2014-04-29 00:18:39,94.72,94.736,94.727,94.727
frxAUDJPY,2014-04-29 00:18:40,94.711,94.74,94.726,94.726
frxAUDJPY,2014-04-29 00:18:41,94.718,94.736,94.727,94.727
frxAUDJPY,2014-04-29 00:18:42,94.718,94.733,94.726,94.726
frxAUDJPY,2014-04-29 00:18:44,94.701,94.753,94.725,94.725
frxAUDJPY,2014-04-29 00:18:45,94.714,94.746,94.728,94.728
frxAUDJPY,2014-04-29 00:18:49,94.722,94.736,94.728,94.728
frxAUDJPY,2014-04-29 00:18:50,94.708,94.727,94.72,94.72
frxAUDJPY,2014-04-29 00:18:51,94.708,94.725,94.717,94.717
frxAUDJPY,2014-04-29 00:18:52,94.707,94.725,94.716,94.716
frxAUDJPY,2014-04-29 00:18:53,94.7,94.8,94.738,94.738
frxAUDJPY,2014-04-29 00:18:54,94.712,94.721,94.716,94.716
frxAUDJPY,2014-04-29 00:18:55,94.701,94.731,94.717,94.717
frxAUDJPY,2014-04-29 00:18:56,94.703,94.72,94.712,94.712
frxAUDJPY,2014-04-29 00:18:57,94.706,94.714,94.71,94.71
frxAUDJPY,2014-04-29 00:18:58,94.7,94.717,94.709,94.709
frxAUDJPY,2014-04-29 00:18:59,94.699,94.717,94.708,94.708
frxAUDJPY,2014-04-29 00:19:00,94.68,94.78,94.721,94.721
frxAUDJPY,2014-04-29 00:19:01,94.694,94.726,94.709,94.709
frxAUDJPY,2014-04-29 00:19:02,94.65,94.75,94.703,94.703
frxAUDJPY,2014-04-29 00:19:03,94.695,94.724,94.707,94.707
frxAUDJPY,2014-04-29 00:19:04,94.682,94.734,94.707,94.707
frxAUDJPY,2014-04-29 00:19:05,94.698,94.716,94.707,94.707
frxAUDJPY,2014-04-29 00:19:06,94.694,94.727,94.709,94.709
frxAUDJPY,2014-04-29 00:19:07,94.693,94.722,94.705,94.705
frxAUDJPY,2014-04-29 00:19:08,94.697,94.714,94.706,94.706
frxAUDJPY,2014-04-29 00:19:09,94.699,94.715,94.704,94.704
frxAUDJPY,2014-04-29 00:19:11,94.696,94.723,94.708,94.708
frxAUDJPY,2014-04-29 00:19:12,94.7,94.716,94.708,94.708
frxAUDJPY,2014-04-29 00:19:13,94.695,94.724,94.709,94.709
frxAUDJPY,2014-04-29 00:19:14,94.683,94.734,94.708,94.708
frxAUDJPY,2014-04-29 00:19:15,94.698,94.715,94.707,94.707
frxAUDJPY,2014-04-29 00:19:16,94.705,94.713,94.708,94.708
frxAUDJPY,2014-04-29 00:19:18,94.7,94.718,94.708,94.708
frxAUDJPY,2014-04-29 00:19:19,94.697,94.714,94.706,94.706
frxAUDJPY,2014-04-29 00:19:20,94.706,94.71,94.708,94.708
frxAUDJPY,2014-04-29 00:19:21,94.697,94.723,94.709,94.709
frxAUDJPY,2014-04-29 00:19:22,94.699,94.719,94.708,94.708
frxAUDJPY,2014-04-29 00:19:24,94.684,94.734,94.708,94.708
frxAUDJPY,2014-04-29 00:19:25,94.701,94.719,94.709,94.709
frxAUDJPY,2014-04-29 00:19:26,94.701,94.717,94.709,94.709
frxAUDJPY,2014-04-29 00:19:27,94.63,94.73,94.692,94.692
frxAUDJPY,2014-04-29 00:19:28,94.7,94.723,94.703,94.703
frxAUDJPY,2014-04-29 00:19:29,94.67,94.77,94.715,94.715
frxAUDJPY,2014-04-29 00:19:30,94.707,94.713,94.71,94.71
frxAUDJPY,2014-04-29 00:19:31,94.697,94.724,94.71,94.71
frxAUDJPY,2014-04-29 00:19:32,94.701,94.718,94.709,94.709
frxAUDJPY,2014-04-29 00:19:33,94.62,94.72,94.684,94.684
frxAUDJPY,2014-04-29 00:19:34,94.686,94.736,94.701,94.701
frxAUDJPY,2014-04-29 00:19:35,94.7,94.721,94.713,94.713
frxAUDJPY,2014-04-29 00:19:36,94.68,94.78,94.722,94.722
frxAUDJPY,2014-04-29 00:19:37,94.702,94.72,94.713,94.713
frxAUDJPY,2014-04-29 00:19:38,94.66,94.76,94.71,94.71
frxAUDJPY,2014-04-29 00:19:40,94.705,94.714,94.709,94.709
frxAUDJPY,2014-04-29 00:19:41,94.7,94.718,94.709,94.709
frxAUDJPY,2014-04-29 00:19:42,94.694,94.723,94.708,94.708
frxAUDJPY,2014-04-29 00:19:43,94.697,94.72,94.708,94.708
frxAUDJPY,2014-04-29 00:19:44,94.694,94.723,94.708,94.708
frxAUDJPY,2014-04-29 00:19:45,94.62,94.72,94.684,94.684
frxAUDJPY,2014-04-29 00:19:46,94.694,94.723,94.706,94.706
frxAUDJPY,2014-04-29 00:19:47,94.698,94.716,94.707,94.707
frxAUDJPY,2014-04-29 00:19:48,94.65,94.75,94.702,94.702
frxAUDJPY,2014-04-29 00:19:49,94.694,94.723,94.707,94.707
frxAUDJPY,2014-04-29 00:19:50,94.699,94.719,94.708,94.708
frxAUDJPY,2014-04-29 00:19:51,94.694,94.723,94.708,94.708
frxAUDJPY,2014-04-29 00:19:52,94.64,94.74,94.697,94.697
frxAUDJPY,2014-04-29 00:19:53,94.695,94.723,94.707,94.707
frxAUDJPY,2014-04-29 00:19:54,94.7,94.718,94.708,94.708
frxAUDJPY,2014-04-29 00:19:55,94.695,94.724,94.708,94.708
frxAUDJPY,2014-04-29 00:19:56,94.701,94.719,94.709,94.709
frxAUDJPY,2014-04-29 00:19:57,94.66,94.76,94.709,94.709
frxAUDJPY,2014-04-29 00:19:58,94.695,94.711,94.703,94.703
frxAUDJPY,2014-04-29 00:19:59,94.65,94.75,94.703,94.703
frxAUDJPY,2014-04-29 00:20:00,94.695,94.724,94.709,94.709
frxAUDJPY,2014-04-29 00:20:01,94.703,94.721,94.71,94.71
frxAUDJPY,2014-04-29 00:20:02,94.695,94.73,94.711,94.711
frxAUDJPY,2014-04-29 00:20:04,94.697,94.724,94.711,94.711
frxAUDJPY,2014-04-29 00:20:05,94.69,94.79,94.728,94.728
frxAUDJPY,2014-04-29 00:20:06,94.703,94.719,94.71,94.71
frxAUDJPY,2014-04-29 00:20:07,94.694,94.728,94.71,94.71
frxAUDJPY,2014-04-29 00:20:08,94.695,94.722,94.709,94.709
frxAUDJPY,2014-04-29 00:20:09,94.703,94.718,94.711,94.711
frxAUDJPY,2014-04-29 00:20:10,94.702,94.719,94.71,94.71
frxAUDJPY,2014-04-29 00:20:11,94.64,94.74,94.698,94.698
frxAUDJPY,2014-04-29 00:20:12,94.7,94.716,94.706,94.706
frxAUDJPY,2014-04-29 00:20:13,94.694,94.723,94.706,94.706
frxAUDJPY,2014-04-29 00:20:14,94.685,94.735,94.709,94.709
frxAUDJPY,2014-04-29 00:20:16,94.699,94.715,94.707,94.707
frxAUDJPY,2014-04-29 00:20:17,94.693,94.728,94.71,94.71
frxAUDJPY,2014-04-29 00:20:18,94.7,94.715,94.708,94.708
frxAUDJPY,2014-04-29 00:20:19,94.702,94.719,94.709,94.709
frxAUDJPY,2014-04-29 00:20:20,94.699,94.721,94.709,94.709
frxAUDJPY,2014-04-29 00:20:22,94.694,94.728,94.71,94.71
frxAUDJPY,2014-04-29 00:20:23,94.703,94.72,94.717,94.717
frxAUDJPY,2014-04-29 00:20:24,94.704,94.719,94.711,94.711
frxAUDJPY,2014-04-29 00:20:26,94.701,94.719,94.71,94.71
frxAUDJPY,2014-04-29 00:20:27,94.696,94.724,94.71,94.71
frxAUDJPY,2014-04-29 00:20:28,94.68,94.78,94.722,94.722
frxAUDJPY,2014-04-29 00:20:29,94.703,94.72,94.717,94.717
frxAUDJPY,2014-04-29 00:20:30,94.705,94.719,94.714,94.714
frxAUDJPY,2014-04-29 00:20:31,94.7,94.722,94.711,94.711
frxAUDJPY,2014-04-29 00:20:32,94.702,94.719,94.711,94.711
frxAUDJPY,2014-04-29 00:20:33,94.699,94.715,94.709,94.709
frxAUDJPY,2014-04-29 00:20:34,94.696,94.723,94.708,94.708
frxAUDJPY,2014-04-29 00:20:35,94.69,94.79,94.727,94.727
frxAUDJPY,2014-04-29 00:20:36,94.704,94.72,94.712,94.712
frxAUDJPY,2014-04-29 00:20:37,94.696,94.724,94.711,94.711
frxAUDJPY,2014-04-29 00:20:38,94.701,94.719,94.71,94.71
frxAUDJPY,2014-04-29 00:20:40,94.695,94.724,94.709,94.709
frxAUDJPY,2014-04-29 00:20:41,94.696,94.723,94.709,94.709
frxAUDJPY,2014-04-29 00:20:42,94.706,94.714,94.71,94.71
frxAUDJPY,2014-04-29 00:20:43,94.694,94.728,94.711,94.711
frxAUDJPY,2014-04-29 00:20:44,94.697,94.724,94.709,94.709
frxAUDJPY,2014-04-29 00:20:45,94.702,94.714,94.708,94.708
frxAUDJPY,2014-04-29 00:20:46,94.702,94.716,94.709,94.709
frxAUDJPY,2014-04-29 00:20:48,94.693,94.723,94.708,94.708
frxAUDJPY,2014-04-29 00:20:49,94.702,94.719,94.71,94.71
frxAUDJPY,2014-04-29 00:20:50,94.702,94.72,94.71,94.71
frxAUDJPY,2014-04-29 00:20:51,94.707,94.714,94.71,94.71
frxAUDJPY,2014-04-29 00:20:52,94.707,94.717,94.711,94.711
frxAUDJPY,2014-04-29 00:20:53,94.708,94.718,94.712,94.712
frxAUDJPY,2014-04-29 00:20:54,94.708,94.717,94.72,94.72
frxAUDJPY,2014-04-29 00:20:55,94.704,94.72,94.712,94.712
frxAUDJPY,2014-04-29 00:20:56,94.703,94.722,94.712,94.712
frxAUDJPY,2014-04-29 00:20:57,94.708,94.714,94.711,94.711
frxAUDJPY,2014-04-29 00:20:58,94.706,94.714,94.71,94.71
frxAUDJPY,2014-04-29 00:20:59,94.66,94.76,94.71,94.71
frxAUDJPY,2014-04-29 00:21:00,94.704,94.72,94.711,94.711
frxAUDJPY,2014-04-29 00:21:01,94.703,94.715,94.709,94.709
frxAUDJPY,2014-04-29 00:21:02,94.708,94.715,94.71,94.71
frxAUDJPY,2014-04-29 00:21:03,94.708,94.717,94.711,94.711
frxAUDJPY,2014-04-29 00:21:04,94.708,94.716,94.711,94.711
frxAUDJPY,2014-04-29 00:21:05,94.695,94.724,94.71,94.71
frxAUDJPY,2014-04-29 00:21:06,94.708,94.718,94.712,94.712
frxAUDJPY,2014-04-29 00:21:07,94.709,94.716,94.712,94.712
frxAUDJPY,2014-04-29 00:21:08,94.67,94.77,94.715,94.715
frxAUDJPY,2014-04-29 00:21:09,94.704,94.719,94.711,94.711
frxAUDJPY,2014-04-29 00:21:10,94.701,94.719,94.71,94.71
frxAUDJPY,2014-04-29 00:21:11,94.705,94.717,94.71,94.71
frxAUDJPY,2014-04-29 00:21:12,94.704,94.719,94.711,94.711
frxAUDJPY,2014-04-29 00:21:13,94.695,94.729,94.715,94.715
frxAUDJPY,2014-04-29 00:21:14,94.688,94.738,94.714,94.714
frxAUDJPY,2014-04-29 00:21:16,94.704,94.72,94.712,94.712
frxAUDJPY,2014-04-29 00:21:17,94.697,94.723,94.711,94.711
frxAUDJPY,2014-04-29 00:21:18,94.697,94.724,94.711,94.711
frxAUDJPY,2014-04-29 00:21:19,94.711,94.714,94.711,94.711
frxAUDJPY,2014-04-29 00:21:20,94.7,94.716,94.71,94.71
frxAUDJPY,2014-04-29 00:21:22,94.703,94.719,94.71,94.71
frxAUDJPY,2014-04-29 00:21:23,94.704,94.723,94.712,94.712
frxAUDJPY,2014-04-29 00:21:24,94.707,94.718,94.713,94.713
frxAUDJPY,2014-04-29 00:21:25,94.704,94.723,94.712,94.712
frxAUDJPY,2014-04-29 00:21:26,94.701,94.72,94.711,94.711
frxAUDJPY,2014-04-29 00:21:29,94.704,94.723,94.712,94.712
frxAUDJPY,2014-04-29 00:21:30,94.705,94.721,94.712,94.712
frxAUDJPY,2014-04-29 00:21:31,94.696,94.724,94.71,94.71
frxAUDJPY,2014-04-29 00:21:32,94.703,94.721,94.711,94.711
frxAUDJPY,2014-04-29 00:21:33,94.696,94.724,94.711,94.711
frxAUDJPY,2014-04-29 00:21:34,94.66,94.76,94.71,94.71
frxAUDJPY,2014-04-29 00:21:35,94.706,94.718,94.711,94.711
frxAUDJPY,2014-04-29 00:21:37,94.703,94.72,94.716,94.716
frxAUDJPY,2014-04-29 00:21:38,94.706,94.717,94.712,94.712
frxAUDJPY,2014-04-29 00:21:39,94.694,94.729,94.71,94.71
frxAUDJPY,2014-04-29 00:21:40,94.68,94.78,94.732,94.732
frxAUDJPY,2014-04-29 00:21:41,94.702,94.719,94.719,94.719
frxAUDJPY,2014-04-29 00:21:42,94.702,94.718,94.711,94.711
frxAUDJPY,2014-04-29 00:21:43,94.698,94.716,94.707,94.707
frxAUDJPY,2014-04-29 00:21:44,94.693,94.721,94.707,94.707
frxAUDJPY,2014-04-29 00:21:45,94.705,94.719,94.712,94.712
frxAUDJPY,2014-04-29 00:21:46,94.702,94.73,94.716,94.716
frxAUDJPY,2014-04-29 00:21:47,94.68,94.78,94.725,94.725
frxAUDJPY,2014-04-29 00:21:48,94.705,94.725,94.716,94.716
frxAUDJPY,2014-04-29 00:21:49,94.702,94.735,94.717,94.717
frxAUDJPY,2014-04-29 00:21:50,94.709,94.724,94.716,94.716
frxAUDJPY,2014-04-29 00:21:51,94.7,94.719,94.709,94.709
frxAUDJPY,2014-04-29 00:21:52,94.7,94.8,94.731,94.731
frxAUDJPY,2014-04-29 00:21:53,94.7,94.717,94.707,94.707
frxAUDJPY,2014-04-29 00:21:54,94.698,94.717,94.707,94.707
frxAUDJPY,2014-04-29 00:21:55,94.7,94.718,94.708,94.708
frxAUDJPY,2014-04-29 00:21:56,94.67,94.77,94.715,94.715
frxAUDJPY,2014-04-29 00:21:57,94.7,94.714,94.707,94.707
frxAUDJPY,2014-04-29 00:21:58,94.7,94.715,94.707,94.707
frxAUDJPY,2014-04-29 00:21:59,94.703,94.718,94.71,94.71
frxAUDJPY,2014-04-29 00:22:00,94.699,94.719,94.709,94.709
frxAUDJPY,2014-04-29 00:22:01,94.705,94.716,94.709,94.709
frxAUDJPY,2014-04-29 00:22:02,94.695,94.723,94.709,94.709
frxAUDJPY,2014-04-29 00:22:03,94.703,94.718,94.709,94.709
frxAUDJPY,2014-04-29 00:22:04,94.699,94.715,94.708,94.708
frxAUDJPY,2014-04-29 00:22:06,94.694,94.723,94.708,94.708
frxAUDJPY,2014-04-29 00:22:07,94.699,94.717,94.707,94.707
frxAUDJPY,2014-04-29 00:22:08,94.701,94.718,94.708,94.708
frxAUDJPY,2014-04-29 00:22:09,94.699,94.718,94.707,94.707
frxAUDJPY,2014-04-29 00:22:10,94.701,94.717,94.708,94.708
frxAUDJPY,2014-04-29 00:22:11,94.702,94.717,94.708,94.708
frxAUDJPY,2014-04-29 00:22:12,94.704,94.711,94.708,94.708
frxAUDJPY,2014-04-29 00:22:14,94.699,94.714,94.707,94.707
frxAUDJPY,2014-04-29 00:22:15,94.699,94.717,94.708,94.708
frxAUDJPY,2014-04-29 00:22:16,94.699,94.72,94.709,94.709
frxAUDJPY,2014-04-29 00:22:17,94.705,94.715,94.709,94.709
frxAUDJPY,2014-04-29 00:22:18,94.64,94.74,94.697,94.697
frxAUDJPY,2014-04-29 00:22:19,94.7,94.717,94.707,94.707
frxAUDJPY,2014-04-29 00:22:20,94.692,94.728,94.709,94.709
frxAUDJPY,2014-04-29 00:22:21,94.701,94.717,94.709,94.709
frxAUDJPY,2014-04-29 00:22:22,94.699,94.715,94.707,94.707
frxAUDJPY,2014-04-29 00:22:23,94.694,94.722,94.707,94.707
frxAUDJPY,2014-04-29 00:22:24,94.66,94.76,94.709,94.709
frxAUDJPY,2014-04-29 00:22:25,94.693,94.728,94.709,94.709
frxAUDJPY,2014-04-29 00:22:26,94.692,94.722,94.707,94.707
frxAUDJPY,2014-04-29 00:22:27,94.704,94.711,94.707,94.707
frxAUDJPY,2014-04-29 00:22:28,94.699,94.718,94.708,94.708
frxAUDJPY,2014-04-29 00:22:29,94.692,94.722,94.707,94.707
frxAUDJPY,2014-04-29 00:22:30,94.697,94.718,94.707,94.707
frxAUDJPY,2014-04-29 00:22:31,94.701,94.717,94.708,94.708
frxAUDJPY,2014-04-29 00:22:34,94.692,94.722,94.707,94.707
frxAUDJPY,2014-04-29 00:22:35,94.695,94.716,94.705,94.705
frxAUDJPY,2014-04-29 00:22:36,94.696,94.712,94.705,94.705
frxAUDJPY,2014-04-29 00:22:37,94.686,94.715,94.701,94.701
frxAUDJPY,2014-04-29 00:22:39,94.697,94.704,94.705,94.705
frxAUDJPY,2014-04-29 00:22:40,94.685,94.718,94.702,94.702
frxAUDJPY,2014-04-29 00:22:41,94.694,94.709,94.702,94.702
frxAUDJPY,2014-04-29 00:22:42,94.695,94.705,94.7,94.7
frxAUDJPY,2014-04-29 00:22:43,94.693,94.709,94.704,94.704
frxAUDJPY,2014-04-29 00:22:44,94.66,94.76,94.706,94.706
frxAUDJPY,2014-04-29 00:22:45,94.685,94.72,94.705,94.705
frxAUDJPY,2014-04-29 00:22:46,94.693,94.709,94.702,94.702
frxAUDJPY,2014-04-29 00:22:48,94.694,94.71,94.701,94.701
frxAUDJPY,2014-04-29 00:22:49,94.69,94.79,94.724,94.724
frxAUDJPY,2014-04-29 00:22:50,94.693,94.711,94.707,94.707
frxAUDJPY,2014-04-29 00:22:51,94.698,94.705,94.702,94.702
frxAUDJPY,2014-04-29 00:22:52,94.695,94.707,94.703,94.703
frxAUDJPY,2014-04-29 00:22:53,94.687,94.715,94.701,94.701
frxAUDJPY,2014-04-29 00:22:54,94.65,94.75,94.7,94.7
frxAUDJPY,2014-04-29 00:22:55,94.685,94.719,94.701,94.701
frxAUDJPY,2014-04-29 00:22:56,94.687,94.716,94.701,94.701
frxAUDJPY,2014-04-29 00:22:57,94.698,94.707,94.702,94.702
frxAUDJPY,2014-04-29 00:22:58,94.694,94.71,94.702,94.702
frxAUDJPY,2014-04-29 00:22:59,94.694,94.712,94.702,94.702
frxAUDJPY,2014-04-29 00:23:00,94.694,94.712,94.705,94.705
frxAUDJPY,2014-04-29 00:23:01,94.698,94.71,94.703,94.703
frxAUDJPY,2014-04-29 00:23:02,94.697,94.71,94.706,94.706
frxAUDJPY,2014-04-29 00:23:03,94.65,94.75,94.702,94.702
frxAUDJPY,2014-04-29 00:23:04,94.693,94.712,94.702,94.702
frxAUDJPY,2014-04-29 00:23:05,94.67,94.77,94.713,94.713
frxAUDJPY,2014-04-29 00:23:06,94.698,94.712,94.705,94.705
frxAUDJPY,2014-04-29 00:23:07,94.7,94.8,94.731,94.731
frxAUDJPY,2014-04-29 00:23:08,94.66,94.76,94.711,94.711
frxAUDJPY,2014-04-29 00:23:11,94.685,94.72,94.705,94.705
frxAUDJPY,2014-04-29 00:23:12,94.693,94.709,94.702,94.702
frxAUDJPY,2014-04-29 00:23:13,94.697,94.71,94.702,94.702
frxAUDJPY,2014-04-29 00:23:14,94.65,94.75,94.7,94.7
frxAUDJPY,2014-04-29 00:23:15,94.697,94.705,94.701,94.701
frxAUDJPY,2014-04-29 00:23:16,94.687,94.715,94.704,94.704
frxAUDJPY,2014-04-29 00:23:17,94.688,94.71,94.699,94.699
frxAUDJPY,2014-04-29 00:23:18,94.697,94.705,94.7,94.7
frxAUDJPY,2014-04-29 00:23:21,94.685,94.719,94.701,94.701
frxAUDJPY,2014-04-29 00:23:22,94.693,94.71,94.701,94.701
frxAUDJPY,2014-04-29 00:23:23,94.693,94.712,94.702,94.702
frxAUDJPY,2014-04-29 00:23:24,94.692,94.71,94.7,94.7
frxAUDJPY,2014-04-29 00:23:25,94.696,94.708,94.701,94.701
frxAUDJPY,2014-04-29 00:23:26,94.692,94.708,94.699,94.699
frxAUDJPY,2014-04-29 00:23:27,94.696,94.705,94.7,94.7
frxAUDJPY,2014-04-29 00:23:28,94.692,94.71,94.7,94.7
frxAUDJPY,2014-04-29 00:23:29,94.691,94.708,94.699,94.699
frxAUDJPY,2014-04-29 00:23:30,94.696,94.707,94.701,94.701
frxAUDJPY,2014-04-29 00:23:31,94.685,94.72,94.701,94.701
frxAUDJPY,2014-04-29 00:23:32,94.69,94.71,94.7,94.7
frxAUDJPY,2014-04-29 00:23:33,94.69,94.713,94.701,94.701
frxAUDJPY,2014-04-29 00:23:34,94.69,94.712,94.701,94.701
frxAUDJPY,2014-04-29 00:23:35,94.685,94.715,94.7,94.7
frxAUDJPY,2014-04-29 00:23:36,94.696,94.708,94.701,94.701
frxAUDJPY,2014-04-29 00:23:37,94.697,94.704,94.7,94.7
frxAUDJPY,2014-04-29 00:23:38,94.696,94.709,94.702,94.702
frxAUDJPY,2014-04-29 00:23:39,94.691,94.712,94.701,94.701
frxAUDJPY,2014-04-29 00:23:40,94.696,94.708,94.701,94.701
frxAUDJPY,2014-04-29 00:23:41,94.694,94.71,94.702,94.702
frxAUDJPY,2014-04-29 00:23:42,94.695,94.708,94.701,94.701
frxAUDJPY,2014-04-29 00:23:43,94.691,94.711,94.701,94.701
frxAUDJPY,2014-04-29 00:23:44,94.678,94.728,94.702,94.702
frxAUDJPY,2014-04-29 00:23:46,94.691,94.712,94.701,94.701
frxAUDJPY,2014-04-29 00:23:47,94.691,94.71,94.701,94.701
frxAUDJPY,2014-04-29 00:23:49,94.691,94.711,94.701,94.701
frxAUDJPY,2014-04-29 00:23:50,94.63,94.73,94.688,94.688
frxAUDJPY,2014-04-29 00:23:51,94.687,94.717,94.699,94.699
frxAUDJPY,2014-04-29 00:23:52,94.697,94.71,94.703,94.703
frxAUDJPY,2014-04-29 00:23:53,94.701,94.711,94.705,94.705
frxAUDJPY,2014-04-29 00:23:54,94.695,94.711,94.703,94.703
frxAUDJPY,2014-04-29 00:23:55,94.693,94.711,94.702,94.702
frxAUDJPY,2014-04-29 00:23:56,94.696,94.713,94.703,94.703
frxAUDJPY,2014-04-29 00:23:59,94.695,94.709,94.702,94.702
frxAUDJPY,2014-04-29 00:24:00,94.697,94.709,94.703,94.703
frxAUDJPY,2014-04-29 00:24:01,94.691,94.713,94.702,94.702
frxAUDJPY,2014-04-29 00:24:02,94.69,94.721,94.704,94.704
frxAUDJPY,2014-04-29 00:24:04,94.69,94.711,94.702,94.702
frxAUDJPY,2014-04-29 00:24:05,94.695,94.711,94.703,94.703
frxAUDJPY,2014-04-29 00:24:06,94.697,94.713,94.704,94.704
frxAUDJPY,2014-04-29 00:24:07,94.699,94.712,94.704,94.704
frxAUDJPY,2014-04-29 00:24:08,94.695,94.712,94.703,94.703
frxAUDJPY,2014-04-29 00:24:09,94.696,94.712,94.703,94.703
frxAUDJPY,2014-04-29 00:24:10,94.693,94.711,94.702,94.702
frxAUDJPY,2014-04-29 00:24:11,94.695,94.712,94.703,94.703
frxAUDJPY,2014-04-29 00:24:12,94.693,94.714,94.705,94.705
frxAUDJPY,2014-04-29 00:24:13,94.66,94.76,94.71,94.71
frxAUDJPY,2014-04-29 00:24:14,94.704,94.721,94.711,94.711
frxAUDJPY,2014-04-29 00:24:15,94.697,94.726,94.711,94.711
frxAUDJPY,2014-04-29 00:24:17,94.694,94.726,94.71,94.71
frxAUDJPY,2014-04-29 00:24:18,94.701,94.718,94.709,94.709
frxAUDJPY,2014-04-29 00:24:19,94.67,94.77,94.716,94.716
frxAUDJPY,2014-04-29 00:24:20,94.703,94.718,94.712,94.712
frxAUDJPY,2014-04-29 00:24:22,94.694,94.727,94.71,94.71
frxAUDJPY,2014-04-29 00:24:23,94.698,94.726,94.711,94.711
frxAUDJPY,2014-04-29 00:24:26,94.702,94.718,94.71,94.71
frxAUDJPY,2014-04-29 00:24:27,94.698,94.727,94.711,94.711
frxAUDJPY,2014-04-29 00:24:29,94.702,94.718,94.71,94.71
frxAUDJPY,2014-04-29 00:24:34,94.698,94.726,94.711,94.711
frxAUDJPY,2014-04-29 00:24:35,94.704,94.719,94.711,94.711
frxAUDJPY,2014-04-29 00:24:36,94.707,94.723,94.714,94.714
frxAUDJPY,2014-04-29 00:24:37,94.709,94.725,94.716,94.716
frxAUDJPY,2014-04-29 00:24:38,94.707,94.729,94.718,94.718
frxAUDJPY,2014-04-29 00:24:40,94.708,94.73,94.718,94.718
frxAUDJPY,2014-04-29 00:24:41,94.706,94.735,94.719,94.719
frxAUDJPY,2014-04-29 00:24:42,94.718,94.73,94.723,94.723
frxAUDJPY,2014-04-29 00:24:44,94.719,94.73,94.723,94.723
frxAUDJPY,2014-04-29 00:24:47,94.713,94.728,94.721,94.721
frxAUDJPY,2014-04-29 00:24:48,94.706,94.739,94.722,94.722
frxAUDJPY,2014-04-29 00:24:52,94.714,94.726,94.72,94.72
frxAUDJPY,2014-04-29 00:24:53,94.709,94.718,94.712,94.712
frxAUDJPY,2014-04-29 00:24:54,94.709,94.719,94.714,94.714
frxAUDJPY,2014-04-29 00:24:55,94.689,94.739,94.714,94.714
frxAUDJPY,2014-04-29 00:24:56,94.706,94.719,94.712,94.712
frxAUDJPY,2014-04-29 00:24:57,94.703,94.72,94.712,94.712
frxAUDJPY,2014-04-29 00:24:58,94.698,94.73,94.713,94.713
frxAUDJPY,2014-04-29 00:24:59,94.706,94.721,94.713,94.713
frxAUDJPY,2014-04-29 00:25:00,94.707,94.718,94.713,94.713
frxAUDJPY,2014-04-29 00:25:01,94.706,94.72,94.713,94.713
frxAUDJPY,2014-04-29 00:25:02,94.701,94.715,94.709,94.709
frxAUDJPY,2014-04-29 00:25:03,94.698,94.712,94.705,94.705
frxAUDJPY,2014-04-29 00:25:04,94.701,94.721,94.71,94.71
frxAUDJPY,2014-04-29 00:25:05,94.686,94.736,94.71,94.71
frxAUDJPY,2014-04-29 00:25:06,94.701,94.72,94.71,94.71
frxAUDJPY,2014-04-29 00:25:07,94.707,94.715,94.71,94.71
frxAUDJPY,2014-04-29 00:25:08,94.697,94.727,94.711,94.711
frxAUDJPY,2014-04-29 00:25:11,94.701,94.716,94.709,94.709
frxAUDJPY,2014-04-29 00:25:12,94.705,94.712,94.709,94.709
frxAUDJPY,2014-04-29 00:25:13,94.706,94.714,94.709,94.709
frxAUDJPY,2014-04-29 00:25:14,94.705,94.714,94.709,94.709
frxAUDJPY,2014-04-29 00:25:15,94.702,94.712,94.707,94.707
frxAUDJPY,2014-04-29 00:25:16,94.704,94.713,94.708,94.708
frxAUDJPY,2014-04-29 00:25:17,94.714,94.722,94.717,94.717
frxAUDJPY,2014-04-29 00:25:18,94.711,94.716,94.713,94.713
frxAUDJPY,2014-04-29 00:25:19,94.704,94.723,94.713,94.713
frxAUDJPY,2014-04-29 00:25:20,94.704,94.723,94.715,94.715
frxAUDJPY,2014-04-29 00:25:21,94.706,94.723,94.714,94.714
frxAUDJPY,2014-04-29 00:25:22,94.704,94.721,94.712,94.712
frxAUDJPY,2014-04-29 00:25:23,94.709,94.716,94.712,94.712
frxAUDJPY,2014-04-29 00:25:25,94.689,94.739,94.712,94.712
frxAUDJPY,2014-04-29 00:25:26,94.704,94.718,94.711,94.711
frxAUDJPY,2014-04-29 00:25:28,94.704,94.719,94.711,94.711
frxAUDJPY,2014-04-29 00:25:29,94.696,94.725,94.71,94.71
frxAUDJPY,2014-04-29 00:25:30,94.707,94.715,94.71,94.71
frxAUDJPY,2014-04-29 00:25:31,94.702,94.718,94.709,94.709
frxAUDJPY,2014-04-29 00:25:32,94.7,94.718,94.71,94.71
frxAUDJPY,2014-04-29 00:25:33,94.706,94.712,94.709,94.709
frxAUDJPY,2014-04-29 00:25:34,94.706,94.713,94.709,94.709
frxAUDJPY,2014-04-29 00:25:35,94.685,94.735,94.709,94.709
frxAUDJPY,2014-04-29 00:25:39,94.694,94.727,94.71,94.71
frxAUDJPY,2014-04-29 00:25:40,94.7,94.717,94.709,94.709
frxAUDJPY,2014-04-29 00:25:41,94.696,94.725,94.71,94.71
frxAUDJPY,2014-04-29 00:25:42,94.7,94.72,94.709,94.709
frxAUDJPY,2014-04-29 00:25:43,94.67,94.77,94.724,94.724
frxAUDJPY,2014-04-29 00:25:44,94.702,94.718,94.715,94.715
frxAUDJPY,2014-04-29 00:25:45,94.686,94.736,94.712,94.712
frxAUDJPY,2014-04-29 00:25:46,94.703,94.719,94.711,94.711
frxAUDJPY,2014-04-29 00:25:47,94.702,94.717,94.709,94.709
frxAUDJPY,2014-04-29 00:25:48,94.696,94.725,94.709,94.709
frxAUDJPY,2014-04-29 00:25:49,94.694,94.725,94.709,94.709
frxAUDJPY,2014-04-29 00:25:52,94.706,94.713,94.709,94.709
frxAUDJPY,2014-04-29 00:25:53,94.697,94.726,94.711,94.711
frxAUDJPY,2014-04-29 00:25:54,94.696,94.724,94.71,94.71
frxAUDJPY,2014-04-29 00:25:55,94.702,94.72,94.71,94.71
frxAUDJPY,2014-04-29 00:25:56,94.702,94.717,94.706,94.706
frxAUDJPY,2014-04-29 00:25:57,94.701,94.717,94.708,94.708
frxAUDJPY,2014-04-29 00:25:59,94.694,94.729,94.71,94.71
frxAUDJPY,2014-04-29 00:26:00,94.7,94.72,94.709,94.709
frxAUDJPY,2014-04-29 00:26:01,94.703,94.72,94.71,94.71
frxAUDJPY,2014-04-29 00:26:03,94.706,94.712,94.707,94.707
frxAUDJPY,2014-04-29 00:26:04,94.702,94.721,94.71,94.71
frxAUDJPY,2014-04-29 00:26:05,94.706,94.716,94.71,94.71
frxAUDJPY,2014-04-29 00:26:07,94.696,94.725,94.71,94.71
frxAUDJPY,2014-04-29 00:26:08,94.702,94.72,94.71,94.71
frxAUDJPY,2014-04-29 00:26:09,94.707,94.713,94.71,94.71
frxAUDJPY,2014-04-29 00:26:14,94.701,94.718,94.71,94.71
frxAUDJPY,2014-04-29 00:26:15,94.686,94.737,94.711,94.711
frxAUDJPY,2014-04-29 00:26:16,94.7,94.72,94.71,94.71
frxAUDJPY,2014-04-29 00:26:18,94.701,94.716,94.709,94.709
frxAUDJPY,2014-04-29 00:26:19,94.707,94.716,94.71,94.71
frxAUDJPY,2014-04-29 00:26:20,94.703,94.723,94.712,94.712
frxAUDJPY,2014-04-29 00:26:21,94.7,94.716,94.709,94.709
frxAUDJPY,2014-04-29 00:26:24,94.695,94.732,94.711,94.711
frxAUDJPY,2014-04-29 00:26:26,94.703,94.721,94.711,94.711
frxAUDJPY,2014-04-29 00:26:27,94.707,94.717,94.711,94.711
frxAUDJPY,2014-04-29 00:26:30,94.695,94.73,94.711,94.711
frxAUDJPY,2014-04-29 00:26:31,94.707,94.716,94.711,94.711
frxAUDJPY,2014-04-29 00:26:32,94.698,94.726,94.711,94.711
frxAUDJPY,2014-04-29 00:26:33,94.705,94.725,94.714,94.714
frxAUDJPY,2014-04-29 00:26:34,94.708,94.727,94.717,94.717
frxAUDJPY,2014-04-29 00:26:35,94.694,94.744,94.718,94.718
frxAUDJPY,2014-04-29 00:26:36,94.709,94.725,94.717,94.717
frxAUDJPY,2014-04-29 00:26:37,94.704,94.722,94.713,94.713
frxAUDJPY,2014-04-29 00:26:38,94.65,94.75,94.704,94.704
frxAUDJPY,2014-04-29 00:26:39,94.707,94.714,94.709,94.709
frxAUDJPY,2014-04-29 00:26:40,94.694,94.73,94.711,94.711
frxAUDJPY,2014-04-29 00:26:41,94.705,94.718,94.711,94.711
frxAUDJPY,2014-04-29 00:26:42,94.697,94.726,94.711,94.711
frxAUDJPY,2014-04-29 00:26:43,94.702,94.719,94.71,94.71
frxAUDJPY,2014-04-29 00:26:45,94.685,94.736,94.705,94.705
frxAUDJPY,2014-04-29 00:26:46,94.701,94.721,94.709,94.709
frxAUDJPY,2014-04-29 00:26:47,94.7,94.719,94.709,94.709
frxAUDJPY,2014-04-29 00:26:48,94.707,94.714,94.71,94.71
frxAUDJPY,2014-04-29 00:26:49,94.698,94.726,94.711,94.711
frxAUDJPY,2014-04-29 00:26:50,94.66,94.76,94.71,94.71
frxAUDJPY,2014-04-29 00:26:51,94.701,94.721,94.71,94.71
frxAUDJPY,2014-04-29 00:26:52,94.63,94.73,94.692,94.692
frxAUDJPY,2014-04-29 00:26:53,94.701,94.721,94.708,94.708
frxAUDJPY,2014-04-29 00:26:54,94.65,94.75,94.695,94.695
frxAUDJPY,2014-04-29 00:26:55,94.684,94.734,94.707,94.707
frxAUDJPY,2014-04-29 00:26:56,94.703,94.722,94.712,94.712
frxAUDJPY,2014-04-29 00:26:57,94.62,94.72,94.687,94.687
frxAUDJPY,2014-04-29 00:26:58,94.66,94.76,94.709,94.709
frxAUDJPY,2014-04-29 00:26:59,94.704,94.709,94.707,94.707
frxAUDJPY,2014-04-29 00:27:00,94.691,94.727,94.704,94.704
frxAUDJPY,2014-04-29 00:27:02,94.701,94.718,94.707,94.707
frxAUDJPY,2014-04-29 00:27:03,94.696,94.724,94.71,94.71
frxAUDJPY,2014-04-29 00:27:04,94.707,94.717,94.711,94.711
frxAUDJPY,2014-04-29 00:27:05,94.703,94.72,94.71,94.71
frxAUDJPY,2014-04-29 00:27:06,94.702,94.719,94.71,94.71
frxAUDJPY,2014-04-29 00:27:07,94.706,94.712,94.709,94.709
frxAUDJPY,2014-04-29 00:27:08,94.702,94.718,94.71,94.71
frxAUDJPY,2014-04-29 00:27:09,94.7,94.716,94.704,94.704
frxAUDJPY,2014-04-29 00:27:11,94.702,94.721,94.71,94.71
frxAUDJPY,2014-04-29 00:27:12,94.699,94.728,94.713,94.713
frxAUDJPY,2014-04-29 00:27:13,94.68,94.78,94.722,94.722
frxAUDJPY,2014-04-29 00:27:14,94.705,94.724,94.714,94.714
frxAUDJPY,2014-04-29 00:27:15,94.687,94.739,94.713,94.713
frxAUDJPY,2014-04-29 00:27:16,94.704,94.72,94.712,94.712
frxAUDJPY,2014-04-29 00:27:17,94.704,94.724,94.713,94.713
frxAUDJPY,2014-04-29 00:27:18,94.708,94.72,94.713,94.713
frxAUDJPY,2014-04-29 00:27:19,94.703,94.723,94.713,94.713
frxAUDJPY,2014-04-29 00:27:20,94.703,94.722,94.712,94.712
frxAUDJPY,2014-04-29 00:27:21,94.703,94.72,94.712,94.712
frxAUDJPY,2014-04-29 00:27:22,94.703,94.722,94.712,94.712
frxAUDJPY,2014-04-29 00:27:24,94.704,94.722,94.712,94.712
frxAUDJPY,2014-04-29 00:27:25,94.703,94.72,94.711,94.711
frxAUDJPY,2014-04-29 00:27:28,94.704,94.724,94.713,94.713
frxAUDJPY,2014-04-29 00:27:29,94.704,94.722,94.713,94.713
frxAUDJPY,2014-04-29 00:27:30,94.708,94.718,94.713,94.713
frxAUDJPY,2014-04-29 00:27:32,94.704,94.724,94.713,94.713
frxAUDJPY,2014-04-29 00:27:33,94.707,94.72,94.713,94.713
frxAUDJPY,2014-04-29 00:27:35,94.687,94.74,94.713,94.713
frxAUDJPY,2014-04-29 00:27:36,94.699,94.733,94.715,94.715
frxAUDJPY,2014-04-29 00:27:38,94.704,94.724,94.714,94.714
frxAUDJPY,2014-04-29 00:27:39,94.705,94.721,94.712,94.712
frxAUDJPY,2014-04-29 00:27:41,94.696,94.731,94.712,94.712
frxAUDJPY,2014-04-29 00:27:43,94.703,94.719,94.711,94.711
frxAUDJPY,2014-04-29 00:27:44,94.704,94.723,94.713,94.713
frxAUDJPY,2014-04-29 00:27:45,94.701,94.727,94.713,94.713
frxAUDJPY,2014-04-29 00:27:46,94.68,94.78,94.723,94.723
frxAUDJPY,2014-04-29 00:27:47,94.703,94.722,94.713,94.713
frxAUDJPY,2014-04-29 00:27:51,94.705,94.72,94.712,94.712
frxAUDJPY,2014-04-29 00:27:52,94.714,94.718,94.715,94.715
frxAUDJPY,2014-04-29 00:27:53,94.71,94.724,94.717,94.717
frxAUDJPY,2014-04-29 00:27:54,94.706,94.724,94.715,94.715
frxAUDJPY,2014-04-29 00:27:55,94.691,94.742,94.715,94.715
frxAUDJPY,2014-04-29 00:27:56,94.706,94.722,94.714,94.714
frxAUDJPY,2014-04-29 00:27:57,94.711,94.723,94.717,94.717
frxAUDJPY,2014-04-29 00:27:58,94.71,94.724,94.717,94.717
frxAUDJPY,2014-04-29 00:27:59,94.704,94.73,94.716,94.716
frxAUDJPY,2014-04-29 00:28:00,94.712,94.721,94.716,94.716
frxAUDJPY,2014-04-29 00:28:01,94.7,94.731,94.715,94.715
frxAUDJPY,2014-04-29 00:28:02,94.706,94.724,94.715,94.715
frxAUDJPY,2014-04-29 00:28:03,94.703,94.73,94.716,94.716
frxAUDJPY,2014-04-29 00:28:04,94.706,94.723,94.715,94.715
frxAUDJPY,2014-04-29 00:28:05,94.692,94.742,94.716,94.716
frxAUDJPY,2014-04-29 00:28:06,94.706,94.724,94.715,94.715
frxAUDJPY,2014-04-29 00:28:07,94.7,94.73,94.715,94.715
frxAUDJPY,2014-04-29 00:28:09,94.712,94.722,94.716,94.716
frxAUDJPY,2014-04-29 00:28:10,94.712,94.72,94.715,94.715
frxAUDJPY,2014-04-29 00:28:11,94.704,94.722,94.713,94.713
frxAUDJPY,2014-04-29 00:28:12,94.695,94.726,94.71,94.71
frxAUDJPY,2014-04-29 00:28:13,94.705,94.719,94.711,94.711
frxAUDJPY,2014-04-29 00:28:14,94.702,94.721,94.711,94.711
frxAUDJPY,2014-04-29 00:28:15,94.703,94.72,94.711,94.711
frxAUDJPY,2014-04-29 00:28:16,94.704,94.723,94.713,94.713
frxAUDJPY,2014-04-29 00:28:17,94.696,94.726,94.711,94.711
frxAUDJPY,2014-04-29 00:28:18,94.698,94.726,94.712,94.712
frxAUDJPY,2014-04-29 00:28:19,94.698,94.727,94.712,94.712
frxAUDJPY,2014-04-29 00:28:22,94.697,94.728,94.712,94.712
frxAUDJPY,2014-04-29 00:28:23,94.698,94.726,94.712,94.712
frxAUDJPY,2014-04-29 00:28:24,94.703,94.719,94.711,94.711
frxAUDJPY,2014-04-29 00:28:25,94.688,94.739,94.712,94.712
frxAUDJPY,2014-04-29 00:28:26,94.702,94.721,94.711,94.711
frxAUDJPY,2014-04-29 00:28:27,94.67,94.77,94.716,94.716
frxAUDJPY,2014-04-29 00:28:28,94.703,94.718,94.71,94.71
frxAUDJPY,2014-04-29 00:28:29,94.702,94.72,94.711,94.711
frxAUDJPY,2014-04-29 00:28:30,94.702,94.719,94.711,94.711
frxAUDJPY,2014-04-29 00:28:31,94.705,94.719,94.711,94.711
frxAUDJPY,2014-04-29 00:28:32,94.703,94.719,94.711,94.711
frxAUDJPY,2014-04-29 00:28:33,94.698,94.727,94.711,94.711
frxAUDJPY,2014-04-29 00:28:35,94.687,94.738,94.712,94.712
frxAUDJPY,2014-04-29 00:28:36,94.704,94.72,94.711,94.711
frxAUDJPY,2014-04-29 00:28:38,94.702,94.717,94.71,94.71
frxAUDJPY,2014-04-29 00:28:42,94.704,94.719,94.711,94.711
frxAUDJPY,2014-04-29 00:28:48,94.698,94.728,94.712,94.712
frxAUDJPY,2014-04-29 00:28:49,94.703,94.717,94.71,94.71
frxAUDJPY,2014-04-29 00:28:50,94.703,94.722,94.712,94.712
frxAUDJPY,2014-04-29 00:28:51,94.707,94.731,94.718,94.718
frxAUDJPY,2014-04-29 00:28:52,94.714,94.721,94.717,94.717
frxAUDJPY,2014-04-29 00:28:54,94.708,94.721,94.714,94.714
frxAUDJPY,2014-04-29 00:28:55,94.692,94.742,94.716,94.716
frxAUDJPY,2014-04-29 00:28:57,94.705,94.721,94.714,94.714
frxAUDJPY,2014-04-29 00:28:58,94.709,94.722,94.714,94.714
frxAUDJPY,2014-04-29 00:28:59,94.707,94.723,94.715,94.715
frxAUDJPY,2014-04-29 00:29:00,94.705,94.73,94.716,94.716
frxAUDJPY,2014-04-29 00:29:01,94.707,94.721,94.714,94.714
frxAUDJPY,2014-04-29 00:29:02,94.705,94.731,94.716,94.716
frxAUDJPY,2014-04-29 00:29:03,94.707,94.723,94.715,94.715
frxAUDJPY,2014-04-29 00:29:04,94.703,94.719,94.713,94.713
frxAUDJPY,2014-04-29 00:29:05,94.691,94.741,94.715,94.715
frxAUDJPY,2014-04-29 00:29:06,94.707,94.722,94.714,94.714
frxAUDJPY,2014-04-29 00:29:07,94.704,94.72,94.713,94.713
frxAUDJPY,2014-04-29 00:29:08,94.699,94.729,94.713,94.713
frxAUDJPY,2014-04-29 00:29:09,94.708,94.721,94.715,94.715
frxAUDJPY,2014-04-29 00:29:10,94.712,94.721,94.715,94.715
frxAUDJPY,2014-04-29 00:29:11,94.704,94.729,94.715,94.715
frxAUDJPY,2014-04-29 00:29:13,94.703,94.729,94.714,94.714
frxAUDJPY,2014-04-29 00:29:15,94.69,94.74,94.714,94.714
frxAUDJPY,2014-04-29 00:29:18,94.704,94.72,94.712,94.712
frxAUDJPY,2014-04-29 00:29:19,94.706,94.723,94.714,94.714
frxAUDJPY,2014-04-29 00:29:20,94.704,94.723,94.713,94.713
frxAUDJPY,2014-04-29 00:29:21,94.66,94.76,94.711,94.711
frxAUDJPY,2014-04-29 00:29:22,94.708,94.72,94.713,94.713
frxAUDJPY,2014-04-29 00:29:23,94.71,94.718,94.713,94.713
frxAUDJPY,2014-04-29 00:29:26,94.704,94.721,94.713,94.713
frxAUDJPY,2014-04-29 00:29:28,94.698,94.731,94.713,94.713
frxAUDJPY,2014-04-29 00:29:29,94.707,94.72,94.713,94.713
frxAUDJPY,2014-04-29 00:29:31,94.702,94.718,94.711,94.711
frxAUDJPY,2014-04-29 00:29:32,94.708,94.723,94.713,94.713
frxAUDJPY,2014-04-29 00:29:33,94.706,94.729,94.716,94.716
frxAUDJPY,2014-04-29 00:29:34,94.712,94.722,94.716,94.716
frxAUDJPY,2014-04-29 00:29:35,94.712,94.721,94.716,94.716
frxAUDJPY,2014-04-29 00:29:36,94.706,94.723,94.715,94.715
frxAUDJPY,2014-04-29 00:29:37,94.706,94.722,94.714,94.714
frxAUDJPY,2014-04-29 00:29:38,94.706,94.723,94.714,94.714
frxAUDJPY,2014-04-29 00:29:39,94.712,94.72,94.714,94.714
frxAUDJPY,2014-04-29 00:29:40,94.706,94.725,94.715,94.715
frxAUDJPY,2014-04-29 00:29:42,94.706,94.73,94.717,94.717
frxAUDJPY,2014-04-29 00:29:45,94.708,94.721,94.715,94.715
frxAUDJPY,2014-04-29 00:29:46,94.706,94.722,94.714,94.714
frxAUDJPY,2014-04-29 00:29:49,94.7,94.732,94.715,94.715
frxAUDJPY,2014-04-29 00:29:53,94.709,94.723,94.715,94.715
frxAUDJPY,2014-04-29 00:29:54,94.709,94.724,94.716,94.716
frxAUDJPY,2014-04-29 00:29:55,94.67,94.77,94.718,94.718
frxAUDJPY,2014-04-29 00:30:00,94.713,94.72,94.716,94.716
frxAUDJPY,2014-04-29 00:30:01,94.707,94.724,94.715,94.715
frxAUDJPY,2014-04-29 00:30:02,94.709,94.722,94.716,94.716
frxAUDJPY,2014-04-29 00:30:03,94.707,94.725,94.716,94.716
frxAUDJPY,2014-04-29 00:30:04,94.701,94.733,94.716,94.716
frxAUDJPY,2014-04-29 00:30:05,94.691,94.741,94.716,94.716
frxAUDJPY,2014-04-29 00:30:08,94.705,94.721,94.714,94.714
frxAUDJPY,2014-04-29 00:30:11,94.706,94.725,94.715,94.715
frxAUDJPY,2014-04-29 00:30:12,94.711,94.72,94.715,94.715
frxAUDJPY,2014-04-29 00:30:13,94.706,94.724,94.713,94.713
frxAUDJPY,2014-04-29 00:30:14,94.706,94.72,94.712,94.712
frxAUDJPY,2014-04-29 00:30:15,94.704,94.72,94.712,94.712
frxAUDJPY,2014-04-29 00:30:16,94.699,94.728,94.712,94.712
frxAUDJPY,2014-04-29 00:30:17,94.67,94.77,94.723,94.723
frxAUDJPY,2014-04-29 00:30:18,94.704,94.72,94.716,94.716
frxAUDJPY,2014-04-29 00:30:19,94.703,94.72,94.711,94.711
frxAUDJPY,2014-04-29 00:30:20,94.703,94.719,94.711,94.711
frxAUDJPY,2014-04-29 00:30:21,94.703,94.721,94.712,94.712
frxAUDJPY,2014-04-29 00:30:22,94.704,94.723,94.712,94.712
frxAUDJPY,2014-04-29 00:30:23,94.708,94.72,94.713,94.713
frxAUDJPY,2014-04-29 00:30:24,94.705,94.723,94.717,94.717
frxAUDJPY,2014-04-29 00:30:25,94.688,94.738,94.713,94.713
frxAUDJPY,2014-04-29 00:30:26,94.702,94.718,94.711,94.711
frxAUDJPY,2014-04-29 00:30:28,94.705,94.72,94.712,94.712
frxAUDJPY,2014-04-29 00:30:29,94.709,94.718,94.719,94.719
frxAUDJPY,2014-04-29 00:30:30,94.705,94.724,94.715,94.715
frxAUDJPY,2014-04-29 00:30:31,94.709,94.72,94.714,94.714
frxAUDJPY,2014-04-29 00:30:32,94.703,94.719,94.713,94.713
frxAUDJPY,2014-04-29 00:30:33,94.709,94.718,94.713,94.713
frxAUDJPY,2014-04-29 00:30:34,94.703,94.72,94.712,94.712
frxAUDJPY,2014-04-29 00:30:35,94.697,94.73,94.712,94.712
frxAUDJPY,2014-04-29 00:30:38,94.709,94.717,94.712,94.712
frxAUDJPY,2014-04-29 00:30:39,94.703,94.72,94.711,94.711
frxAUDJPY,2014-04-29 00:30:40,94.705,94.724,94.713,94.713
frxAUDJPY,2014-04-29 00:30:42,94.703,94.719,94.712,94.712
frxAUDJPY,2014-04-29 00:30:45,94.689,94.739,94.713,94.713
frxAUDJPY,2014-04-29 00:30:48,94.705,94.721,94.713,94.713
frxAUDJPY,2014-04-29 00:30:49,94.68,94.78,94.723,94.723
frxAUDJPY,2014-04-29 00:30:50,94.705,94.721,94.718,94.718
frxAUDJPY,2014-04-29 00:30:51,94.704,94.719,94.712,94.712
frxAUDJPY,2014-04-29 00:30:54,94.71,94.718,94.713,94.713
frxAUDJPY,2014-04-29 00:30:55,94.706,94.724,94.714,94.714
frxAUDJPY,2014-04-29 00:30:56,94.706,94.722,94.715,94.715
frxAUDJPY,2014-04-29 00:30:57,94.711,94.72,94.716,94.716
frxAUDJPY,2014-04-29 00:30:58,94.714,94.722,94.717,94.717
frxAUDJPY,2014-04-29 00:30:59,94.712,94.721,94.716,94.716
frxAUDJPY,2014-04-29 00:31:00,94.711,94.724,94.717,94.717
frxAUDJPY,2014-04-29 00:31:01,94.703,94.733,94.716,94.716
frxAUDJPY,2014-04-29 00:31:02,94.701,94.73,94.715,94.715
frxAUDJPY,2014-04-29 00:31:03,94.711,94.721,94.715,94.715
frxAUDJPY,2014-04-29 00:31:04,94.705,94.722,94.713,94.713
frxAUDJPY,2014-04-29 00:31:05,94.715,94.72,94.715,94.715
frxAUDJPY,2014-04-29 00:31:06,94.702,94.732,94.716,94.716
frxAUDJPY,2014-04-29 00:31:07,94.711,94.72,94.715,94.715
frxAUDJPY,2014-04-29 00:31:08,94.712,94.722,94.717,94.717
frxAUDJPY,2014-04-29 00:31:09,94.716,94.724,94.72,94.72
frxAUDJPY,2014-04-29 00:31:10,94.714,94.721,94.717,94.717
frxAUDJPY,2014-04-29 00:31:11,94.704,94.734,94.718,94.718
frxAUDJPY,2014-04-29 00:31:12,94.707,94.721,94.716,94.716
frxAUDJPY,2014-04-29 00:31:14,94.709,94.727,94.717,94.717
frxAUDJPY,2014-04-29 00:31:15,94.715,94.726,94.718,94.718
frxAUDJPY,2014-04-29 00:31:16,94.713,94.726,94.719,94.719
frxAUDJPY,2014-04-29 00:31:17,94.712,94.723,94.718,94.718
frxAUDJPY,2014-04-29 00:31:18,94.711,94.725,94.717,94.717
frxAUDJPY,2014-04-29 00:31:19,94.713,94.728,94.719,94.719
frxAUDJPY,2014-04-29 00:31:20,94.715,94.723,94.718,94.718
frxAUDJPY,2014-04-29 00:31:21,94.718,94.725,94.721,94.721
frxAUDJPY,2014-04-29 00:31:22,94.711,94.727,94.72,94.72
frxAUDJPY,2014-04-29 00:31:23,94.708,94.736,94.721,94.721
frxAUDJPY,2014-04-29 00:31:24,94.71,94.727,94.719,94.719
frxAUDJPY,2014-04-29 00:31:25,94.698,94.748,94.721,94.721
frxAUDJPY,2014-04-29 00:31:27,94.71,94.728,94.72,94.72
frxAUDJPY,2014-04-29 00:31:28,94.713,94.728,94.72,94.72
frxAUDJPY,2014-04-29 00:31:29,94.709,94.736,94.722,94.722
frxAUDJPY,2014-04-29 00:31:30,94.67,94.77,94.724,94.724
frxAUDJPY,2014-04-29 00:31:31,94.69,94.79,94.733,94.733
frxAUDJPY,2014-04-29 00:31:32,94.72,94.729,94.729,94.729
frxAUDJPY,2014-04-29 00:31:33,94.719,94.735,94.726,94.726
frxAUDJPY,2014-04-29 00:31:34,94.727,94.734,94.727,94.727
frxAUDJPY,2014-04-29 00:31:35,94.721,94.729,94.725,94.725
frxAUDJPY,2014-04-29 00:31:36,94.719,94.728,94.724,94.724
frxAUDJPY,2014-04-29 00:31:37,94.72,94.728,94.724,94.724
frxAUDJPY,2014-04-29 00:31:38,94.709,94.739,94.725,94.725
frxAUDJPY,2014-04-29 00:31:39,94.67,94.77,94.721,94.721
frxAUDJPY,2014-04-29 00:31:40,94.724,94.73,94.726,94.726
frxAUDJPY,2014-04-29 00:31:41,94.709,94.739,94.724,94.724
frxAUDJPY,2014-04-29 00:31:43,94.709,94.738,94.723,94.723
frxAUDJPY,2014-04-29 00:31:44,94.711,94.74,94.724,94.724
frxAUDJPY,2014-04-29 00:31:45,94.72,94.733,94.726,94.726
frxAUDJPY,2014-04-29 00:31:46,94.712,94.742,94.726,94.726
frxAUDJPY,2014-04-29 00:31:47,94.712,94.74,94.726,94.726
frxAUDJPY,2014-04-29 00:31:48,94.721,94.728,94.725,94.725
frxAUDJPY,2014-04-29 00:31:50,94.721,94.73,94.725,94.725
frxAUDJPY,2014-04-29 00:31:51,94.721,94.733,94.726,94.726
frxAUDJPY,2014-04-29 00:31:52,94.72,94.736,94.727,94.727
frxAUDJPY,2014-04-29 00:31:53,94.716,94.734,94.725,94.725
frxAUDJPY,2014-04-29 00:31:54,94.717,94.733,94.725,94.725
frxAUDJPY,2014-04-29 00:31:55,94.722,94.737,94.727,94.727
frxAUDJPY,2014-04-29 00:31:56,94.724,94.734,94.729,94.729
frxAUDJPY,2014-04-29 00:31:57,94.727,94.733,94.73,94.73
frxAUDJPY,2014-04-29 00:31:58,94.723,94.737,94.729,94.729
frxAUDJPY,2014-04-29 00:31:59,94.721,94.737,94.728,94.728
frxAUDJPY,2014-04-29 00:32:00,94.716,94.732,94.725,94.725
frxAUDJPY,2014-04-29 00:32:01,94.721,94.729,94.726,94.726
frxAUDJPY,2014-04-29 00:32:03,94.717,94.735,94.726,94.726
frxAUDJPY,2014-04-29 00:32:05,94.703,94.753,94.727,94.727
frxAUDJPY,2014-04-29 00:32:08,94.717,94.733,94.725,94.725
frxAUDJPY,2014-04-29 00:32:09,94.723,94.736,94.727,94.727
frxAUDJPY,2014-04-29 00:32:10,94.726,94.73,94.728,94.728
frxAUDJPY,2014-04-29 00:32:11,94.718,94.735,94.727,94.727
frxAUDJPY,2014-04-29 00:32:12,94.721,94.727,94.725,94.725
frxAUDJPY,2014-04-29 00:32:14,94.714,94.731,94.723,94.723
frxAUDJPY,2014-04-29 00:32:15,94.718,94.735,94.725,94.725
frxAUDJPY,2014-04-29 00:32:16,94.702,94.752,94.726,94.726
frxAUDJPY,2014-04-29 00:32:17,94.712,94.738,94.725,94.725
frxAUDJPY,2014-04-29 00:32:18,94.713,94.729,94.722,94.722
frxAUDJPY,2014-04-29 00:32:19,94.7,94.8,94.74,94.74
frxAUDJPY,2014-04-29 00:32:20,94.67,94.77,94.725,94.725
frxAUDJPY,2014-04-29 00:32:21,94.714,94.729,94.722,94.722
frxAUDJPY,2014-04-29 00:32:23,94.712,94.739,94.724,94.724
frxAUDJPY,2014-04-29 00:32:24,94.72,94.734,94.726,94.726
frxAUDJPY,2014-04-29 00:32:25,94.73,94.737,94.731,94.731
frxAUDJPY,2014-04-29 00:32:26,94.718,94.735,94.728,94.728
frxAUDJPY,2014-04-29 00:32:27,94.721,94.736,94.728,94.728
frxAUDJPY,2014-04-29 00:32:28,94.725,94.731,94.727,94.727
frxAUDJPY,2014-04-29 00:32:29,94.718,94.735,94.726,94.726
frxAUDJPY,2014-04-29 00:32:31,94.721,94.733,94.726,94.726
frxAUDJPY,2014-04-29 00:32:32,94.712,94.742,94.726,94.726
frxAUDJPY,2014-04-29 00:32:33,94.726,94.735,94.727,94.727
frxAUDJPY,2014-04-29 00:32:34,94.717,94.745,94.73,94.73
frxAUDJPY,2014-04-29 00:32:37,94.717,94.75,94.733,94.733
frxAUDJPY,2014-04-29 00:32:38,94.726,94.741,94.733,94.733
frxAUDJPY,2014-04-29 00:32:39,94.723,94.738,94.73,94.73
frxAUDJPY,2014-04-29 00:32:40,94.715,94.745,94.729,94.729
frxAUDJPY,2014-04-29 00:32:41,94.726,94.737,94.73,94.73
frxAUDJPY,2014-04-29 00:32:42,94.726,94.74,94.732,94.732
frxAUDJPY,2014-04-29 00:32:43,94.72,94.736,94.729,94.729
frxAUDJPY,2014-04-29 00:32:47,94.718,94.749,94.732,94.732
frxAUDJPY,2014-04-29 00:32:49,94.721,94.737,94.729,94.729
frxAUDJPY,2014-04-29 00:32:52,94.725,94.733,94.729,94.729
frxAUDJPY,2014-04-29 00:32:53,94.725,94.734,94.729,94.729
frxAUDJPY,2014-04-29 00:32:56,94.707,94.757,94.731,94.731
frxAUDJPY,2014-04-29 00:32:58,94.721,94.737,94.728,94.728
frxAUDJPY,2014-04-29 00:32:59,94.72,94.739,94.729,94.729
frxAUDJPY,2014-04-29 00:33:02,94.72,94.737,94.728,94.728
frxAUDJPY,2014-04-29 00:33:03,94.716,94.744,94.729,94.729
frxAUDJPY,2014-04-29 00:33:08,94.726,94.734,94.729,94.729
frxAUDJPY,2014-04-29 00:33:10,94.721,94.74,94.73,94.73
frxAUDJPY,2014-04-29 00:33:11,94.7,94.8,94.742,94.742
frxAUDJPY,2014-04-29 00:33:14,94.67,94.77,94.727,94.727
frxAUDJPY,2014-04-29 00:33:16,94.727,94.733,94.721,94.721
frxAUDJPY,2014-04-29 00:33:20,94.721,94.737,94.728,94.728
frxAUDJPY,2014-04-29 00:33:21,94.66,94.76,94.718,94.718
frxAUDJPY,2014-04-29 00:33:22,94.723,94.742,94.73,94.73
frxAUDJPY,2014-04-29 00:33:23,94.718,94.75,94.732,94.732
frxAUDJPY,2014-04-29 00:33:25,94.726,94.733,94.73,94.73
frxAUDJPY,2014-04-29 00:33:31,94.727,94.733,94.73,94.73
frxAUDJPY,2014-04-29 00:33:32,94.72,94.736,94.728,94.728
frxAUDJPY,2014-04-29 00:33:33,94.66,94.76,94.717,94.717
frxAUDJPY,2014-04-29 00:33:34,94.64,94.74,94.7,94.7
frxAUDJPY,2014-04-29 00:33:36,94.709,94.759,94.733,94.733
frxAUDJPY,2014-04-29 00:33:37,94.72,94.741,94.719,94.719
frxAUDJPY,2014-04-29 00:33:38,94.717,94.746,94.729,94.729
frxAUDJPY,2014-04-29 00:33:39,94.68,94.78,94.73,94.73
frxAUDJPY,2014-04-29 00:33:40,94.728,94.74,94.733,94.733
frxAUDJPY,2014-04-29 00:33:41,94.718,94.746,94.736,94.736
frxAUDJPY,2014-04-29 00:33:42,94.721,94.741,94.732,94.732
frxAUDJPY,2014-04-29 00:33:43,94.72,94.751,94.734,94.734
frxAUDJPY,2014-04-29 00:33:45,94.728,94.737,94.733,94.733
frxAUDJPY,2014-04-29 00:33:46,94.733,94.738,94.734,94.734
frxAUDJPY,2014-04-29 00:33:47,94.722,94.75,94.736,94.736
frxAUDJPY,2014-04-29 00:33:48,94.723,94.754,94.738,94.738
frxAUDJPY,2014-04-29 00:33:49,94.725,94.741,94.735,94.735
frxAUDJPY,2014-04-29 00:33:51,94.725,94.743,94.733,94.733
frxAUDJPY,2014-04-29 00:33:52,94.724,94.74,94.733,94.733
frxAUDJPY,2014-04-29 00:33:53,94.723,94.753,94.735,94.735
frxAUDJPY,2014-04-29 00:33:54,94.722,94.749,94.735,94.735
frxAUDJPY,2014-04-29 00:33:55,94.736,94.744,94.739,94.739
frxAUDJPY,2014-04-29 00:33:58,94.725,94.744,94.738,94.738
frxAUDJPY,2014-04-29 00:34:02,94.725,94.74,94.734,94.734
frxAUDJPY,2014-04-29 00:34:03,94.723,94.75,94.735,94.735
frxAUDJPY,2014-04-29 00:34:04,94.734,94.749,94.74,94.74
frxAUDJPY,2014-04-29 00:34:05,94.742,94.745,94.743,94.743
frxAUDJPY,2014-04-29 00:34:06,94.721,94.771,94.746,94.746
frxAUDJPY,2014-04-29 00:34:08,94.732,94.75,94.742,94.742
frxAUDJPY,2014-04-29 00:34:09,94.73,94.76,94.744,94.744
frxAUDJPY,2014-04-29 00:34:10,94.735,94.753,94.745,94.745
frxAUDJPY,2014-04-29 00:34:11,94.746,94.749,94.748,94.748
frxAUDJPY,2014-04-29 00:34:12,94.749,94.756,94.75,94.75
frxAUDJPY,2014-04-29 00:34:13,94.734,94.762,94.748,94.748
frxAUDJPY,2014-04-29 00:34:14,94.735,94.765,94.749,94.749
frxAUDJPY,2014-04-29 00:34:15,94.71,94.81,94.755,94.755
frxAUDJPY,2014-04-29 00:34:16,94.735,94.751,94.745,94.745
